1856 2948
243 161 376 214 murm.
395 161 553 215 ORATOR.
571 163 604 214 X·
621 167 645 222 7·
734 169 781 218 aa!

18 293 19 320 ³
107 291 782 356 multitintobnsatudsedetiamiuearminmtllnti.

93 366 174 424 ‘pater
181 359 299 419 Sidonius,
308 367 331 406 et
339 358 445 408 licinius
451 358 552 408 Amhias
557 359 710 425 (credendum
718 361 781 410 enim

106 423 215 475 Ciceroni
227 432 286 484 eet)=
305 437 353 472 nou
365 423 422 488 quis
434 424 518 472 nostris
531 439 624 490 quoque
636 434 683 474 tem
715 425 780 474 ribus

106 503 155 537 non
166 497 190 538 et
203 489 300 538 fecerint
310 489 405 553 quidam
418 489 471 550 hoc,
483 497 507 537 et
518 489 619 538 faciant:
631 507 664 555 qu
701 499 779 540 tamen

104 554 184 618 ipsum
197 569 245 604 non
257 563 306 602 tam
320 553 439 618 probabile
453 561 520 618 puto,
533 555 694 620 (nequeenim
708 555 780 604 babet

104 627 147 668 sut
157 635 227 668 usum
235 635 280 679 res,
292 626 333 666 aut
340 618 509 679 necessitatem)
517 635 589 684 quam
598 619 745 668 exhortandis
753 619 778 668 iu

103 683 165 732 hane
175 700 250 748 spem,
261 684 304 748 qui
314 684 364 732 loro
374 690 541 748 praeparentur,
553 683 611 732 utile
623 683 766 748 exemplum.

136 749 223 814 Neque
233 763 287 798 vero
301 757 391 796 tantum
402 764 450 797 esse
462 747 569 813 udquanr
579 747 689 798 fiduciam
703 749 779 798 facili·

100 811 157 861 tatis
168 815 248 874 velim,
261 821 289 860 ut
300 827 348 862 non
358 815 427 862 breve
437 813 519 862 saltem
530 821 632 890 tempus,
644 813 709 878 quod
719 829 779 862 nus·

101 893 176 942 quam
190 879 238 926 fere
252 877 332 938 deerit,
346 878 377 926 ad
390 893 426 939 ea,
439 894 493 943 qua
505 877 590 927 dicturi
605 893 695 939 mmm,
707 878 777 942 dispi-

101 942 184 991 cienda
197 957 333 999 sumamus3
356 942 420 1007 quod
434 943 529 1020 quidem
543 942 569 990 in
581 943 674 1005 judiciis
687 959 715 992 aa
726 943 777 994 foro

101 1006 173 1056 datur
184 1021 281 1071 semper.
315 1007 401 1071 Neque
409 1021 471 1055 enrm
479 1007 604 1072 quisquam
614 1015 657 1070 est,
669 1009 711 1073 qui
721 1023 776 1058 oau-

504 1071 777 1200 musso

259 1193 260 1196 ,
448 1171 455 1196 l

100 1200 208 1266 protinus
221 1195 296 1250 dicere
306 1200 394 1259 valint3
412 1200 540 1265 quinetiam
553 1201 628 1266 (quod
642 1209 677 1250 ert
688 1201 714 1250 in
725 1203 775 1268 pri·

99 1265 146 1342 mis
159 1265 270 1333 frivolum
283 1280 310 1314 ae
322 1264 451 1328 scenicum)
463 1267 560 1342 ¹verbum
572 1273 662 1342 petant,
677 1282 726 1343 ¹quo
738 1267 777 1316 in.

97 1330 775 1506 turstatt-tmuium

99 1475 143 1508 eru
160 1459 317 1508 'devidentun
344 1459 370 1508 Si
377 1467 509 1524 quatamen
516 1459 774 1510 fortunatamsubitam

99 1523 180 1572 lecerit
192 1523 276 1587 agendi
288 1524 454 1585 necessitatem,
468 1525 588 1574 mobiliore
600 1525 702 1589 quodem
715 1541 775 1590 opus

67 1625 86 1632 ,
100 1588 145 1636 erit
155 1588 256 1652 ingenio,
264 1589 328 1638 etvis
335 1589 411 1638 omnis
418 1589 559 1638 intendenda
565 1591 643 1650 rebus,
651 1591 704 1638 etin
715 1607 775 1654 prae·

100 1653 175 1701 sentia
193 1653 359 1702 remittendum
375 1654 465 1718 aliquid
482 1670 512 1703 ex
530 1652 586 1702 curi
602 1657 734 1716 verborum,
754 1655 774 1704 si

99 1718 167 1782 sequi
177 1727 305 1783 utrumque
315 1733 362 1767 non
375 1719 476 1767 dabitur.
509 1719 576 1767 Tum
587 1726 611 1767 et
620 1719 707 1767 tardior
718 1735 773 1783 pro·

98 1783 216 1831 nuntiatio
226 1799 303 1832 monas
313 1783 391 1843 habet,
399 1793 423 1832 et
432 1799 543 1848 suspensa
552 1799 580 1832 aa
590 1784 654 1832 velut
664 1783 773 1832 dubitans

97 1849 187 1908 oratio;
205 1856 232 1896 ut
238 1857 317 1896 tamen
325 1848 459 1910 deliberare,
468 1863 515 1896 non
523 1849 629 1897 haeaitare
647 1848 774 1898 videamur.

99 1911 163 1972 Hoc,
175 1913 233 1960 dum
244 1913 375 1977 egredimur
384 1929 397 1961 e
407 1921 484 1977 portu,
494 1914 513 1962 si
523 1928 565 1962 nos
573 1883 678 1962 nondum
688 1915 773 1978 aptatis

96 1977 155 2026 satis
161 1979 310 2026 armamentis
321 1986 374 2042 aget
381 1986 476 2036 ventus;
488 1977 571 2026 deinde
580 1977 693 2043 paulatim
703 1978 774 2028 simul

18 2054 22 2060 ·
98 2049 181 2090 euntes
195 2042 327 2104 aptabimus
341 2042 401 2104 vela,
418 2050 441 2092 et
456 2043 605 2107 disponemus
618 2042 735 2100 rudentes,
749 2049 773 2091 et

98 2105 194 2170 impleri
204 2106 268 2154 ainus
279 2106 418 2184 optabimus.
453 2108 484 2156 Id
494 2108 580 2184 potius,
592 2122 665 2182 quarn
676 2122 701 2154 se
709 2107 773 2156 inani

96 2171 418 2297 ddlddlllddfdidddlillnlhre’
436 2187 503 2236 quau
521 2173 704 2236 tempestatibus,
725 2185 773 2236 quo

131 2301 179 2348 Sed
195 2315 242 2348 non
258 2301 348 2350 minore
364 2301 441 2350 studio
455 2301 584 2350 continetur
600 2301 650 2349 haec
664 2300 771 2362 facultas,

97 2381 172 2430 quam
182 2373 284 2441 paratur.
313 2366 362 2444 Ars
370 2365 441 2442 enim²
453 2367 524 2444 semel
533 2373 649 2428 pereepta,
656 2380 703 2414 non
714 2365 774 2414 labi·

96 2429 772 2561 ilntttlttttfflffittlltffltffi

96 2561 209 2626 positum,
221 2561 383 2610 exerdmione
395 2561 445 2610 solt
459 2559 595 2610 mndnetur.
626 2561 680 2608 Hac
692 2560 728 2608 uti
741 2559 774 2608 sir

96 2625 217 2690 optimum
228 2635 270 2687 est,
282 2635 310 2676 ut
320 2626 424 2691 quotidie
431 2625 535 2674 dicamus
542 2624 690 2674 audientibus
697 2623 762 2700 pluri

98 2693 154 2754 buu
168 2691 272 2741 maxime
284 2691 314 2742 de
327 2705 428 2756 quorum
443 2691 515 2741 durus
525 2689 614 2754 judidio
626 2703 729 2801 ιὲἕρω*
