<?xml version="1.0" encoding="UTF-8"?>
<!DOCTYPE html PUBLIC "-//W3C//DTD XHTML 1.0 Transitional//EN"
    "http://www.w3.org/TR/xhtml1/DTD/xhtml1-transitional.dtd">
<html xmlns="http://www.w3.org/1999/xhtml" xml:lang="en" lang="en">
 <head>
  <title>
</title>
<meta http-equiv="Content-Type" content="text/html;charset=utf-8" />
  <meta name='ocr-system' content='tesseract 3.04.00' />
  <meta name='ocr-capabilities' content='ocr_page ocr_carea ocr_par ocr_line ocrx_word'/>
</head>
<body>
  <div class='ocr_page' id='page_1' title='image "./mfabiiquintilia00caregoog_0134.png"; bbox 0 0 1858 2946; ppageno 0'>
   <div class='ocr_carea' id='block_1_1' title="bbox 252 129 797 189">
    <p class='ocr_par' dir='ltr' id='par_1_1' title="bbox 252 129 797 189">
     <span class='ocr_line' id='line_1_1' title="bbox 252 129 797 189; baseline -0.006 -7"><span class='ocrx_word' id='word_1_1' title='bbox 252 129 383 183; x_wconf 75' lang='lat' dir='ltr'>INSTIT.</span> <span class='ocrx_word' id='word_1_2' title='bbox 400 131 557 183; x_wconf 78' lang='lat' dir='ltr'>ORATOR.</span> <span class='ocrx_word' id='word_1_3' title='bbox 574 131 622 182; x_wconf 81' lang='lat' dir='ltr'>lx.</span> <span class='ocrx_word' id='word_1_4' title='bbox 639 133 667 181; x_wconf 63' lang='lat'>2¹.</span> <span class='ocrx_word' id='word_1_5' title='bbox 751 131 797 189; x_wconf 70' lang='lat'>123</span> 
     </span>
    </p>
   </div>
   <div class='ocr_carea' id='block_1_2' title="bbox 119 245 800 402">
    <p class='ocr_par' dir='ltr' id='par_1_2' title="bbox 119 245 800 402">
     <span class='ocr_line' id='line_1_2' title="bbox 119 245 800 323; baseline 0.001 -11"><span class='ocrx_word' id='word_1_6' title='bbox 119 261 162 312; x_wconf 89' lang='lat' dir='ltr'>sed</span> <span class='ocrx_word' id='word_1_7' title='bbox 172 259 287 310; x_wconf 71' lang='lat' dir='ltr'>edebant</span> <span class='ocrx_word' id='word_1_8' title='bbox 301 245 440 312; x_wconf 75' lang='lat' dir='ltr'>illis&#39;locunr</span> <span class='ocrx_word' id='word_1_9' title='bbox 454 249 533 323; x_wconf 75' lang='lat' dir='ltr'>etium,</span> <span class='ocrx_word' id='word_1_10' title='bbox 550 261 593 311; x_wconf 83' lang='lat' dir='ltr'>ubi</span> <span class='ocrx_word' id='word_1_11' title='bbox 605 260 701 310; x_wconf 87' lang='lat' dir='ltr'>inutiles</span> <span class='ocrx_word' id='word_1_12' title='bbox 716 275 744 311; x_wconf 80' lang='lat' dir='ltr'>se</span> <span class='ocrx_word' id='word_1_13' title='bbox 757 277 800 313; x_wconf 83' lang='lat' dir='ltr'>ne·</span> 
     </span>
     <span class='ocr_line' id='line_1_3' title="bbox 119 327 799 402; baseline 0.001 -26"><span class='ocrx_word' id='word_1_14' title='bbox 119 327 184 376; x_wconf 80' lang='lat' dir='ltr'>fsriae</span> <span class='ocrx_word' id='word_1_15' title='bbox 195 335 288 385; x_wconf 77' lang='lat' dir='ltr'>essent3</span> <span class='ocrx_word' id='word_1_16' title='bbox 303 335 339 386; x_wconf 80' lang='lat' dir='ltr'>ut,</span> <span class='ocrx_word' id='word_1_17' title='bbox 354 327 459 402; x_wconf 72' lang='lat' dir='ltr'>aipater,</span> <span class='ocrx_word' id='word_1_18' title='bbox 475 328 517 392; x_wconf 90' lang='lat' dir='ltr'>qui</span> <span class='ocrx_word' id='word_1_19' title='bbox 532 327 645 376; x_wconf 76' lang='lat' dir='ltr'>infamem</span> <span class='ocrx_word' id='word_1_20' title='bbox 659 327 685 374; x_wconf 90' lang='lat' dir='ltr'>in</span> <span class='ocrx_word' id='word_1_21' title='bbox 698 336 799 377; x_wconf 84' lang='lat' dir='ltr'>matrem</span> 
     </span>
    </p>
   </div>
   <div class='ocr_carea' id='block_1_3' title="bbox 11 391 800 468">
    <p class='ocr_par' dir='ltr' id='par_1_3' title="bbox 11 391 800 468">
     <span class='ocr_line' id='line_1_4' title="bbox 11 391 800 468; baseline -0.001 -27"><span class='ocrx_word' id='word_1_22' title='bbox 11 439 14 468; x_wconf 39' lang='grc' dir='ltr'><em>ζ</em></span> <span class='ocrx_word' id='word_1_23' title='bbox 104 391 800 454; x_wconf 62' lang='grc' dir='ltr'>.ἢ]ἱυιιιεοαθωοωίὼωεί,ηιιειιιὼωείιῑίοηίε,]’ωιι-</span> 
     </span>
    </p>
   </div>
   <div class='ocr_carea' id='block_1_4' title="bbox 120 455 798 532">
    <p class='ocr_par' dir='ltr' id='par_1_4' title="bbox 120 455 798 532">
     <span class='ocr_line' id='line_1_5' title="bbox 120 455 798 532; baseline 0.003 -28"><span class='ocrx_word' id='word_1_24' title='bbox 120 456 210 504; x_wconf 85' lang='lat' dir='ltr'>lsretur</span> <span class='ocrx_word' id='word_1_25' title='bbox 226 455 252 504; x_wconf 89' lang='lat' dir='ltr'>iu</span> <span class='ocrx_word' id='word_1_26' title='bbox 270 471 367 504; x_wconf 86' lang='lat' dir='ltr'>uxorem</span> <span class='ocrx_word' id='word_1_27' title='bbox 379 457 485 532; x_wconf 71' lang='lat' dir='ltr'>¹obliquiu</span> <span class='ocrx_word' id='word_1_28' title='bbox 503 456 629 504; x_wconf 68' lang='lat' dir='ltr'>muntiis.</span> <span class='ocrx_word' id='word_1_29' title='bbox 656 456 722 505; x_wconf 87' lang='lat' dir='ltr'>Nam</span> <span class='ocrx_word' id='word_1_30' title='bbox 739 457 798 522; x_wconf 87' lang='lat' dir='ltr'>quid</span> 
     </span>
    </p>
   </div>
   <div class='ocr_carea' id='block_1_5' title="bbox 11 519 799 586">
    <p class='ocr_par' dir='ltr' id='par_1_5' title="bbox 11 519 799 586">
     <span class='ocr_line' id='line_1_6' title="bbox 11 519 799 586; baseline -0.004 -12"><span class='ocrx_word' id='word_1_31' title='bbox 11 519 13 586; x_wconf 53' lang='grc' dir='ltr'><strong><em>ζ</em></strong></span> <span class='ocrx_word' id='word_1_32' title='bbox 121 519 247 583; x_wconf 76' lang='lat' dir='ltr'>impurius,</span> <span class='ocrx_word' id='word_1_33' title='bbox 259 535 329 584; x_wconf 86' lang='lat' dir='ltr'>quam</span> <span class='ocrx_word' id='word_1_34' title='bbox 343 521 465 570; x_wconf 75' lang='lat' dir='ltr'>retinuisse</span> <span class='ocrx_word' id='word_1_35' title='bbox 473 521 567 570; x_wconf 78' lang='lat' dir='ltr'>talem?</span> <span class='ocrx_word' id='word_1_36' title='bbox 592 519 799 584; x_wconf 85' lang='lat' dir='ltr'>Quidporrotem</span> 
     </span>
    </p>
   </div>
   <div class='ocr_carea' id='block_1_6' title="bbox 119 583 802 2022">
    <p class='ocr_par' dir='ltr' id='par_1_6' title="bbox 119 583 802 2022">
     <span class='ocr_line' id='line_1_7' title="bbox 121 583 799 650; baseline 0.001 -16"><span class='ocrx_word' id='word_1_37' title='bbox 121 583 274 646; x_wconf 77' lang='lat' dir='ltr'>connarium,</span> <span class='ocrx_word' id='word_1_38' title='bbox 291 601 364 649; x_wconf 82' lang='lat' dir='ltr'>quarn</span> <span class='ocrx_word' id='word_1_39' title='bbox 380 601 443 646; x_wconf 86' lang='lat' dir='ltr'>eum,</span> <span class='ocrx_word' id='word_1_40' title='bbox 461 586 505 650; x_wconf 88' lang='lat' dir='ltr'>qui</span> <span class='ocrx_word' id='word_1_41' title='bbox 519 593 646 644; x_wconf 77' lang='lat' dir='ltr'>acmsetru,</span> <span class='ocrx_word' id='word_1_42' title='bbox 662 587 718 649; x_wconf 79' lang='lat' dir='ltr'>quie</span> <span class='ocrx_word' id='word_1_43' title='bbox 733 602 799 635; x_wconf 83' lang='lat' dir='ltr'>aum·</span> 
     </span>
     <span class='ocr_line' id='line_1_8' title="bbox 122 649 799 713; baseline 0.003 -15"><span class='ocrx_word' id='word_1_44' title='bbox 122 663 191 698; x_wconf 87' lang='lat' dir='ltr'>mum</span> <span class='ocrx_word' id='word_1_45' title='bbox 201 649 265 697; x_wconf 81' lang='lat' dir='ltr'>netas</span> <span class='ocrx_word' id='word_1_46' title='bbox 275 650 405 713; x_wconf 75' lang='lat' dir='ltr'>auspicatis</span> <span class='ocrx_word' id='word_1_47' title='bbox 417 650 447 699; x_wconf 86' lang='lat' dir='ltr'>de</span> <span class='ocrx_word' id='word_1_48' title='bbox 456 665 531 699; x_wconf 81' lang='lat' dir='ltr'>uxore</span> <span class='ocrx_word' id='word_1_49' title='bbox 539 649 654 710; x_wconf 73' lang='lat' dir='ltr'>videatur,</span> <span class='ocrx_word' id='word_1_50' title='bbox 663 650 799 700; x_wconf 83' lang='lat' dir='ltr'>confirmare</span> 
     </span>
     <span class='ocr_line' id='line_1_9' title="bbox 121 711 799 779; baseline -0.009 -15"><span class='ocrx_word' id='word_1_51' title='bbox 121 712 148 764; x_wconf 81' lang='lat' dir='ltr'>id</span> <span class='ocrx_word' id='word_1_52' title='bbox 157 711 208 777; x_wconf 74' lang='lat' dir='ltr'>ipsi</span> <span class='ocrx_word' id='word_1_53' title='bbox 217 713 356 776; x_wconf 79' lang='lat' dir='ltr'>defensione,</span> <span class='ocrx_word' id='word_1_54' title='bbox 368 714 433 779; x_wconf 89' lang='lat' dir='ltr'>quod</span> <span class='ocrx_word' id='word_1_55' title='bbox 445 715 584 764; x_wconf 88' lang='lat' dir='ltr'>diluendum</span> <span class='ocrx_word' id='word_1_56' title='bbox 593 717 648 763; x_wconf 78' lang='lat' dir='ltr'>est?</span> <span class='ocrx_word' id='word_1_57' title='bbox 673 715 719 775; x_wconf 78' lang='lat' dir='ltr'>At,</span> <span class='ocrx_word' id='word_1_58' title='bbox 731 716 799 777; x_wconf 71' lang='lat' dir='ltr'>siJu.</span> 
     </span>
     <span class='ocr_line' id='line_1_10' title="bbox 122 777 799 843; baseline 0.003 -17"><span class='ocrx_word' id='word_1_59' title='bbox 122 777 203 834; x_wconf 85' lang='lat' dir='ltr'>dicum</span> <span class='ocrx_word' id='word_1_60' title='bbox 219 789 337 828; x_wconf 78' lang='lat' dir='ltr'>sumerent</span> <span class='ocrx_word' id='word_1_61' title='bbox 351 779 466 840; x_wconf 87' lang='lat' dir='ltr'>animum,</span> <span class='ocrx_word' id='word_1_62' title='bbox 484 780 575 840; x_wconf 77' lang='lat' dir='ltr'>scirem,</span> <span class='ocrx_word' id='word_1_63' title='bbox 594 793 667 843; x_wconf 84' lang='lat' dir='ltr'>quem</span> <span class='ocrx_word' id='word_1_64' title='bbox 683 779 799 842; x_wconf 86' lang='lat' dir='ltr'>ejusmodi</span> 
     </span>
     <span class='ocr_line' id='line_1_11' title="bbox 120 843 799 909; baseline 0.001 -17"><span class='ocrx_word' id='word_1_65' title='bbox 120 843 237 892; x_wconf 79' lang='lat' dir='ltr'>actionem</span> <span class='ocrx_word' id='word_1_66' title='bbox 246 843 317 891; x_wconf 78' lang='lat' dir='ltr'>laturi</span> <span class='ocrx_word' id='word_1_67' title='bbox 326 859 374 892; x_wconf 90' lang='lat' dir='ltr'>non</span> <span class='ocrx_word' id='word_1_68' title='bbox 381 843 493 904; x_wconf 78' lang='lat' dir='ltr'>fuissent3</span> <span class='ocrx_word' id='word_1_69' title='bbox 503 843 624 909; x_wconf 86' lang='lat' dir='ltr'>multoque</span> <span class='ocrx_word' id='word_1_70' title='bbox 632 843 701 892; x_wconf 81' lang='lat' dir='ltr'>etiarn</span> <span class='ocrx_word' id='word_1_71' title='bbox 710 844 799 906; x_wconf 84' lang='lat' dir='ltr'>minus,</span> 
     </span>
     <span class='ocr_line' id='line_1_12' title="bbox 123 907 798 974; baseline 0.006 -20"><span class='ocrx_word' id='word_1_72' title='bbox 123 921 180 954; x_wconf 88' lang='lat' dir='ltr'>cum</span> <span class='ocrx_word' id='word_1_73' title='bbox 191 907 217 955; x_wconf 87' lang='lat' dir='ltr'>in</span> <span class='ocrx_word' id='word_1_74' title='bbox 231 917 335 970; x_wconf 77' lang='lat' dir='ltr'>parentet</span> <span class='ocrx_word' id='word_1_75' title='bbox 345 909 500 957; x_wconf 85' lang='lat' dir='ltr'>abominanda</span> <span class='ocrx_word' id='word_1_76' title='bbox 516 909 613 958; x_wconf 73' lang='lat' dir='ltr'>crimina</span> <span class='ocrx_word' id='word_1_77' title='bbox 628 918 798 974; x_wconf 74' lang='lat' dir='ltr'>spargerentur.</span> 
     </span>
     <span class='ocr_line' id='line_1_13' title="bbox 122 969 800 1038; baseline 0.006 -18"><span class='ocrx_word' id='word_1_78' title='bbox 122 969 168 1031; x_wconf 82' lang='lat' dir='ltr'>Et,</span> <span class='ocrx_word' id='word_1_79' title='bbox 187 970 301 1036; x_wconf 73' lang='lat' dir='ltr'>qutanua</span> <span class='ocrx_word' id='word_1_80' title='bbox 321 974 369 1022; x_wconf 90' lang='lat' dir='ltr'>huc</span> <span class='ocrx_word' id='word_1_81' title='bbox 386 973 519 1034; x_wconf 87' lang='lat' dir='ltr'>incidimus,</span> <span class='ocrx_word' id='word_1_82' title='bbox 544 974 615 1038; x_wconf 82' lang='lat' dir='ltr'>paulo</span> <span class='ocrx_word' id='word_1_83' title='bbox 637 974 693 1038; x_wconf 86' lang='lat' dir='ltr'>plus</span> <span class='ocrx_word' id='word_1_84' title='bbox 714 975 800 1024; x_wconf 84' lang='lat' dir='ltr'>scholis</span> 
     </span>
     <span class='ocr_line' id='line_1_14' title="bbox 124 1035 798 1102; baseline 0.004 -16"><span class='ocrx_word' id='word_1_85' title='bbox 124 1035 223 1086; x_wconf 81' lang='lat' dir='ltr'>tlemust</span> <span class='ocrx_word' id='word_1_86' title='bbox 241 1050 296 1084; x_wconf 89' lang='lat' dir='ltr'>nam</span> <span class='ocrx_word' id='word_1_87' title='bbox 312 1037 376 1087; x_wconf 89' lang='lat' dir='ltr'>etin</span> <span class='ocrx_word' id='word_1_88' title='bbox 391 1037 429 1086; x_wconf 88' lang='lat' dir='ltr'>his</span> <span class='ocrx_word' id='word_1_89' title='bbox 445 1039 555 1088; x_wconf 86' lang='lat' dir='ltr'>educatur</span> <span class='ocrx_word' id='word_1_90' title='bbox 571 1047 662 1098; x_wconf 81' lang='lat' dir='ltr'>orator3</span> <span class='ocrx_word' id='word_1_91' title='bbox 678 1047 702 1088; x_wconf 90' lang='lat' dir='ltr'>et</span> <span class='ocrx_word' id='word_1_92' title='bbox 717 1040 743 1087; x_wconf 92' lang='lat' dir='ltr'>in</span> <span class='ocrx_word' id='word_1_93' title='bbox 761 1055 798 1102; x_wconf 82' lang='lat' dir='ltr'>eo,</span> 
     </span>
     <span class='ocr_line' id='line_1_15' title="bbox 124 1101 799 1168; baseline 0.007 -20"><span class='ocrx_word' id='word_1_94' title='bbox 124 1101 243 1166; x_wconf 89' lang='lat' dir='ltr'>quombdo</span> <span class='ocrx_word' id='word_1_95' title='bbox 257 1101 406 1162; x_wconf 84' lang='lat' dir='ltr'>declametur,</span> <span class='ocrx_word' id='word_1_96' title='bbox 419 1103 521 1167; x_wconf 88' lang='lat' dir='ltr'>positum</span> <span class='ocrx_word' id='word_1_97' title='bbox 539 1111 572 1152; x_wconf 86' lang='lat' dir='ltr'>est</span> <span class='ocrx_word' id='word_1_98' title='bbox 586 1103 666 1164; x_wconf 85' lang='lat' dir='ltr'>etism,</span> <span class='ocrx_word' id='word_1_99' title='bbox 680 1105 799 1168; x_wconf 88' lang='lat' dir='ltr'>quomodo</span> 
     </span>
     <span class='ocr_line' id='line_1_16' title="bbox 122 1164 801 1244; baseline 0.004 -29"><span class='ocrx_word' id='word_1_100' title='bbox 122 1174 216 1229; x_wconf 77' lang='lat' dir='ltr'>agatur.</span> <span class='ocrx_word' id='word_1_101' title='bbox 242 1164 376 1216; x_wconf 83' lang='lat' dir='ltr'>Dicendum</span> <span class='ocrx_word' id='word_1_102' title='bbox 392 1183 447 1231; x_wconf 77' lang='lat' dir='ltr'>ergo</span> <span class='ocrx_word' id='word_1_103' title='bbox 465 1167 495 1216; x_wconf 82' lang='lat' dir='ltr'>de</span> <span class='ocrx_word' id='word_1_104' title='bbox 513 1167 541 1216; x_wconf 85' lang='lat' dir='ltr'>iis</span> <span class='ocrx_word' id='word_1_105' title='bbox 558 1168 700 1244; x_wconf 44' lang='lat' dir='ltr'>quoque,·in</span> <span class='ocrx_word' id='word_1_106' title='bbox 713 1169 801 1233; x_wconf 86' lang='lat' dir='ltr'>quibus</span> 
     </span>
     <span class='ocr_line' id='line_1_17' title="bbox 123 1231 800 1361; baseline 0.004 -16"><span class='ocrx_word' id='word_1_107' title='bbox 123 1231 800 1361; x_wconf 57' lang='lat' dir='ltr'>ttqtttnitfflrttdttttttttt</span> 
     </span>
     <span class='ocr_line' id='line_1_18' title="bbox 123 1363 799 1428; baseline 0.006 -20"><span class='ocrx_word' id='word_1_108' title='bbox 123 1366 271 1423; x_wconf 76' lang='lat' dir='ltr'>torqueatur,</span> <span class='ocrx_word' id='word_1_109' title='bbox 293 1368 322 1409; x_wconf 86' lang='lat' dir='ltr'>ut</span> <span class='ocrx_word' id='word_1_110' title='bbox 342 1364 445 1410; x_wconf 59' lang='lat' dir='ltr'>coranos</span> <span class='ocrx_word' id='word_1_111' title='bbox 467 1363 572 1410; x_wconf 76' lang='lat' dir='ltr'>indicet:</span> <span class='ocrx_word' id='word_1_112' title='bbox 600 1369 723 1411; x_wconf 77' lang='lat' dir='ltr'>accurator</span> <span class='ocrx_word' id='word_1_113' title='bbox 748 1367 799 1428; x_wconf 71' lang='lat' dir='ltr'>ejus</span> 
     </span>
     <span class='ocr_line' id='line_1_19' title="bbox 122 1428 797 1492; baseline 0.009 -20"><span class='ocrx_word' id='word_1_114' title='bbox 122 1433 196 1487; x_wconf 86' lang='lat' dir='ltr'>optet,</span> <span class='ocrx_word' id='word_1_115' title='bbox 216 1428 276 1488; x_wconf 81' lang='lat' dir='ltr'>qaod</span> <span class='ocrx_word' id='word_1_116' title='bbox 297 1429 363 1474; x_wconf 83' lang='lat' dir='ltr'>valet.</span> <span class='ocrx_word' id='word_1_117' title='bbox 392 1428 493 1476; x_wconf 86' lang='lat' dir='ltr'>Patrem</span> <span class='ocrx_word' id='word_1_118' title='bbox 512 1429 553 1489; x_wconf 75' lang='lat' dir='ltr'>qai</span> <span class='ocrx_word' id='word_1_119' title='bbox 573 1429 701 1488; x_wconf 83' lang='lat' dir='ltr'>accuravit,</span> <span class='ocrx_word' id='word_1_120' title='bbox 721 1435 797 1492; x_wconf 82' lang='lat' dir='ltr'>optat,</span> 
     </span>
     <span class='ocr_line' id='line_1_20' title="bbox 123 1491 800 1556; baseline 0.009 -18"><span class='ocrx_word' id='word_1_121' title='bbox 123 1504 155 1538; x_wconf 80' lang='lat' dir='ltr'>rte</span> <span class='ocrx_word' id='word_1_122' title='bbox 173 1491 195 1536; x_wconf 83' lang='lat' dir='ltr'>ir</span> <span class='ocrx_word' id='word_1_123' title='bbox 207 1497 361 1556; x_wconf 71' lang='lat' dir='ltr'>torqueatur:</span> <span class='ocrx_word' id='word_1_124' title='bbox 378 1497 450 1554; x_wconf 81' lang='lat' dir='ltr'>pater</span> <span class='ocrx_word' id='word_1_125' title='bbox 466 1494 488 1538; x_wconf 86' lang='lat' dir='ltr'>ei</span> <span class='ocrx_word' id='word_1_126' title='bbox 503 1494 651 1540; x_wconf 77' lang='lat' dir='ltr'>contradicit.</span> <span class='ocrx_word' id='word_1_127' title='bbox 677 1493 756 1541; x_wconf 87' lang='lat' dir='ltr'>Nemo</span> <span class='ocrx_word' id='word_1_128' title='bbox 773 1510 800 1544; x_wconf 90' lang='lat' dir='ltr'>se</span> 
     </span>
     <span class='ocr_line' id='line_1_21' title="bbox 123 1553 797 1622; baseline 0.006 -6"><span class='ocrx_word' id='word_1_129' title='bbox 123 1553 210 1616; x_wconf 70' lang='lat' dir='ltr'>tenuit</span> <span class='ocrx_word' id='word_1_130' title='bbox 221 1555 797 1622; x_wconf 57' lang='lat' dir='ltr'>mammuuinfieminffliumfwt</span> 
     </span>
     <span class='ocr_line' id='line_1_22' title="bbox 123 1620 799 1685; baseline 0.006 -17"><span class='ocrx_word' id='word_1_131' title='bbox 123 1624 247 1684; x_wconf 75' lang='lat' dir='ltr'>tamquam</span> <span class='ocrx_word' id='word_1_132' title='bbox 263 1620 332 1670; x_wconf 87' lang='lat' dir='ltr'>illum</span> <span class='ocrx_word' id='word_1_133' title='bbox 349 1621 467 1670; x_wconf 87' lang='lat' dir='ltr'>conscium</span> <span class='ocrx_word' id='word_1_134' title='bbox 482 1629 550 1685; x_wconf 83' lang='lat' dir='ltr'>pater</span> <span class='ocrx_word' id='word_1_135' title='bbox 564 1621 591 1668; x_wconf 89' lang='lat' dir='ltr'>in</span> <span class='ocrx_word' id='word_1_136' title='bbox 604 1621 725 1668; x_wconf 89' lang='lat' dir='ltr'>tormentis</span> <span class='ocrx_word' id='word_1_137' title='bbox 740 1631 799 1672; x_wconf 84' lang='lat' dir='ltr'>esset</span> 
     </span>
     <span class='ocr_line' id='line_1_23' title="bbox 121 1685 802 1751; baseline 0.006 -19"><span class='ocrx_word' id='word_1_138' title='bbox 121 1685 295 1736; x_wconf 82' lang='lat' dir='ltr'>nominaturus·</span> <span class='ocrx_word' id='word_1_139' title='bbox 321 1685 377 1746; x_wconf 88' lang='lat' dir='ltr'>Quo</span> <span class='ocrx_word' id='word_1_140' title='bbox 391 1685 449 1751; x_wconf 91' lang='lat' dir='ltr'>quid</span> <span class='ocrx_word' id='word_1_141' title='bbox 463 1685 577 1734; x_wconf 74' lang='lat' dir='ltr'>andrina?</span> <span class='ocrx_word' id='word_1_142' title='bbox 598 1686 673 1746; x_wconf 88' lang='lat' dir='ltr'>Nam,</span> <span class='ocrx_word' id='word_1_143' title='bbox 688 1700 742 1733; x_wconf 89' lang='lat' dir='ltr'>cum</span> <span class='ocrx_word' id='word_1_144' title='bbox 754 1686 802 1736; x_wconf 86' lang='lat' dir='ltr'>hoc</span> 
     </span>
     <span class='ocr_line' id='line_1_24' title="bbox 119 1749 799 1814; baseline 0.004 -16"><span class='ocrx_word' id='word_1_145' title='bbox 119 1749 212 1810; x_wconf 78' lang='lat' dir='ltr'>iudices</span> <span class='ocrx_word' id='word_1_146' title='bbox 221 1751 383 1811; x_wconf 78' lang='lat' dir='ltr'>intellexerint,</span> <span class='ocrx_word' id='word_1_147' title='bbox 400 1759 443 1799; x_wconf 86' lang='lat' dir='ltr'>aut</span> <span class='ocrx_word' id='word_1_148' title='bbox 456 1765 504 1798; x_wconf 91' lang='lat' dir='ltr'>non</span> <span class='ocrx_word' id='word_1_149' title='bbox 514 1749 667 1814; x_wconf 81' lang='lat' dir='ltr'>torquebitur,</span> <span class='ocrx_word' id='word_1_150' title='bbox 682 1765 736 1799; x_wconf 87' lang='lat' dir='ltr'>cam</span> <span class='ocrx_word' id='word_1_151' title='bbox 746 1750 799 1801; x_wconf 88' lang='lat' dir='ltr'>ideo</span> 
     </span>
     <span class='ocr_line' id='line_1_25' title="bbox 121 1815 799 1879; baseline 0.004 -17"><span class='ocrx_word' id='word_1_152' title='bbox 121 1817 306 1879; x_wconf 66' lang='lat' dir='ltr'>torquerivelitt</span> <span class='ocrx_word' id='word_1_153' title='bbox 323 1823 364 1864; x_wconf 79' lang='lat' dir='ltr'>out</span> <span class='ocrx_word' id='word_1_154' title='bbox 374 1823 434 1864; x_wconf 85' lang='lat' dir='ltr'>torto</span> <span class='ocrx_word' id='word_1_155' title='bbox 445 1830 493 1864; x_wconf 90' lang='lat' dir='ltr'>non</span> <span class='ocrx_word' id='word_1_156' title='bbox 503 1815 615 1864; x_wconf 72' lang='lat' dir='ltr'>credetrm</span> <span class='ocrx_word' id='word_1_157' title='bbox 642 1815 680 1863; x_wconf 78' lang='lat' dir='ltr'>At</span> <span class='ocrx_word' id='word_1_158' title='bbox 690 1817 799 1865; x_wconf 77' lang='lat' dir='ltr'>credibile</span> 
     </span>
     <span class='ocr_line' id='line_1_26' title="bbox 122 1880 799 1945; baseline 0.004 -17"><span class='ocrx_word' id='word_1_159' title='bbox 122 1885 166 1938; x_wconf 81' lang='lat' dir='ltr'>cet,</span> <span class='ocrx_word' id='word_1_160' title='bbox 183 1883 226 1930; x_wconf 85' lang='lat' dir='ltr'>boc</span> <span class='ocrx_word' id='word_1_161' title='bbox 241 1898 295 1930; x_wconf 87' lang='lat' dir='ltr'>eum</span> <span class='ocrx_word' id='word_1_162' title='bbox 312 1881 390 1928; x_wconf 67' lang='lat' dir='ltr'>velle?</span> <span class='ocrx_word' id='word_1_163' title='bbox 408 1880 531 1928; x_wconf 72' lang='lat' dir='ltr'>Fortasse:</span> <span class='ocrx_word' id='word_1_164' title='bbox 547 1880 676 1930; x_wconf 88' lang='lat' dir='ltr'>dissimulet</span> <span class='ocrx_word' id='word_1_165' title='bbox 691 1897 754 1945; x_wconf 79' lang='lat' dir='ltr'>ergo,</span> <span class='ocrx_word' id='word_1_166' title='bbox 770 1890 799 1931; x_wconf 87' lang='lat' dir='ltr'>ut</span> 
     </span>
     <span class='ocr_line' id='line_1_27' title="bbox 122 1943 801 2022; baseline 0.003 -30"><span class='ocrx_word' id='word_1_167' title='bbox 122 1943 215 1995; x_wconf 80' lang='lat' dir='ltr'>efficiat.</span> <span class='ocrx_word' id='word_1_168' title='bbox 240 1947 287 1996; x_wconf 80' lang='lat' dir='ltr'>Sed</span> <span class='ocrx_word' id='word_1_169' title='bbox 297 1947 362 1994; x_wconf 81' lang='lat' dir='ltr'>rabir</span> <span class='ocrx_word' id='word_1_170' title='bbox 375 1944 587 2009; x_wconf 74' lang='lat' dir='ltr'>(declamatoribus,</span> <span class='ocrx_word' id='word_1_171' title='bbox 597 1944 659 2008; x_wconf 80' lang='lat' dir='ltr'>dico)</span> <span class='ocrx_word' id='word_1_172' title='bbox 676 1948 801 2022; x_wconf 72' lang='lat' dir='ltr'>quidpro·</span> 
     </span>
    </p>
   </div>
   <div class='ocr_carea' id='block_1_7' title="bbox 123 2009 883 2086">
    <p class='ocr_par' dir='ltr' id='par_1_7' title="bbox 123 2009 883 2086">
     <span class='ocr_line' id='line_1_28' title="bbox 123 2009 883 2086; baseline 0.005 -30"><span class='ocrx_word' id='word_1_173' title='bbox 123 2009 187 2058; x_wconf 83' lang='lat' dir='ltr'>derit</span> <span class='ocrx_word' id='word_1_174' title='bbox 196 2012 239 2060; x_wconf 81' lang='lat' dir='ltr'>bac</span> <span class='ocrx_word' id='word_1_175' title='bbox 249 2012 399 2070; x_wconf 69' lang='lat' dir='ltr'>intellexiste,</span> <span class='ocrx_word' id='word_1_176' title='bbox 410 2011 458 2057; x_wconf 82' lang='lat' dir='ltr'>nisi</span> <span class='ocrx_word' id='word_1_177' title='bbox 466 2011 617 2058; x_wconf 71' lang='lat' dir='ltr'>dixerimuri</span> <span class='ocrx_word' id='word_1_178' title='bbox 637 2012 710 2075; x_wconf 79' lang='lat' dir='ltr'>Ergo,</span> <span class='ocrx_word' id='word_1_179' title='bbox 719 2026 799 2086; x_wconf 74' lang='lat' dir='ltr'>sryere</span> <span class='ocrx_word' id='word_1_180' title='bbox 876 2051 883 2070; x_wconf 76' lang='grc'>,,</span> 
     </span>
    </p>
   </div>
   <div class='ocr_carea' id='block_1_8' title="bbox 117 2074 859 2720">
    <p class='ocr_par' dir='ltr' id='par_1_8' title="bbox 117 2074 859 2720">
     <span class='ocr_line' id='line_1_29' title="bbox 122 2074 801 2140; baseline -0.003 -16"><span class='ocrx_word' id='word_1_181' title='bbox 122 2083 238 2136; x_wconf 75' lang='lat' dir='ltr'>ageretur,</span> <span class='ocrx_word' id='word_1_182' title='bbox 249 2075 355 2124; x_wconf 78' lang='lat' dir='ltr'>similiter</span> <span class='ocrx_word' id='word_1_183' title='bbox 367 2074 490 2124; x_wconf 83' lang='lat' dir='ltr'>consilium</span> <span class='ocrx_word' id='word_1_184' title='bbox 502 2074 563 2124; x_wconf 93' lang='lat' dir='ltr'>illud</span> <span class='ocrx_word' id='word_1_185' title='bbox 574 2076 648 2124; x_wconf 70' lang='lat' dir='ltr'>lutens</span> <span class='ocrx_word' id='word_1_186' title='bbox 661 2075 801 2140; x_wconf 82' lang='lat' dir='ltr'>prnd1drsse-</span> 
     </span>
     <span class='ocr_line' id='line_1_30' title="bbox 121 2138 800 2204; baseline 0 -18"><span class='ocrx_word' id='word_1_187' title='bbox 121 2142 197 2188; x_wconf 80' lang='lat' dir='ltr'>mus?</span> <span class='ocrx_word' id='word_1_188' title='bbox 220 2139 320 2201; x_wconf 87' lang='lat' dir='ltr'>Quidsi</span> <span class='ocrx_word' id='word_1_189' title='bbox 335 2139 458 2204; x_wconf 87' lang='lat' dir='ltr'>nequeu&#39;</span> <span class='ocrx_word' id='word_1_190' title='bbox 476 2155 600 2189; x_wconf 74' lang='lat' dir='ltr'>ueterum</span> <span class='ocrx_word' id='word_1_191' title='bbox 616 2149 659 2201; x_wconf 83' lang='lat' dir='ltr'>eat,</span> <span class='ocrx_word' id='word_1_192' title='bbox 676 2138 800 2188; x_wconf 77' lang='lat' dir='ltr'>ethnbere</span> 
     </span>
     <span class='ocr_line' id='line_1_31' title="bbox 121 2203 859 2268; baseline -0.005 -15"><span class='ocrx_word' id='word_1_193' title='bbox 121 2203 180 2253; x_wconf 81' lang='lat' dir='ltr'>alias</span> <span class='ocrx_word' id='word_1_194' title='bbox 195 2205 234 2255; x_wconf 91' lang='lat' dir='ltr'>hic</span> <span class='ocrx_word' id='word_1_195' title='bbox 249 2206 373 2254; x_wconf 81' lang='lat' dir='ltr'>datunatus</span> <span class='ocrx_word' id='word_1_196' title='bbox 389 2218 432 2253; x_wconf 77' lang='lat' dir='ltr'>con</span> <span class='ocrx_word' id='word_1_197' title='bbox 485 2203 490 2214; x_wconf 91' lang='lat'>&#39;</span> <span class='ocrx_word' id='word_1_198' title='bbox 534 2205 559 2252; x_wconf 91' lang='lat' dir='ltr'>di</span> <span class='ocrx_word' id='word_1_199' title='bbox 569 2219 650 2253; x_wconf 84' lang='lat' dir='ltr'>causes</span> <span class='ocrx_word' id='word_1_200' title='bbox 660 2210 744 2268; x_wconf 87' lang='lat' dir='ltr'>potest,</span> <span class='ocrx_word' id='word_1_201' title='bbox 761 2203 800 2250; x_wconf 83' lang='lat' dir='ltr'>vei</span> <span class='ocrx_word' id='word_1_202' title='bbox 857 2227 859 2231; x_wconf 94' lang='lat'>·</span> 
     </span>
     <span class='ocr_line' id='line_1_32' title="bbox 120 2266 800 2334; baseline 0 -18"><span class='ocrx_word' id='word_1_203' title='bbox 120 2270 187 2332; x_wconf 83' lang='lat' dir='ltr'>quod</span> <span class='ocrx_word' id='word_1_204' title='bbox 201 2271 277 2334; x_wconf 78' lang='lat' dir='ltr'>legem</span> <span class='ocrx_word' id='word_1_205' title='bbox 290 2268 469 2318; x_wconf 85' lang='lat' dir='ltr'>conservandam</span> <span class='ocrx_word' id='word_1_206' title='bbox 479 2277 558 2332; x_wconf 85' lang='lat' dir='ltr'>-putet,</span> <span class='ocrx_word' id='word_1_207' title='bbox 568 2269 606 2318; x_wconf 83' lang='lat' dir='ltr'>vei</span> <span class='ocrx_word' id='word_1_208' title='bbox 616 2268 680 2332; x_wconf 91' lang='lat' dir='ltr'>quod</span> <span class='ocrx_word' id='word_1_209' title='bbox 690 2266 750 2315; x_wconf 88' lang='lat' dir='ltr'>nolit</span> <span class='ocrx_word' id='word_1_210' title='bbox 761 2283 800 2316; x_wconf 88' lang='lat' dir='ltr'>ac·</span> 
     </span>
     <span class='ocr_line' id='line_1_33' title="bbox 117 2331 801 2398; baseline 0 -16"><span class='ocrx_word' id='word_1_211' title='bbox 117 2335 223 2384; x_wconf 80' lang='lat' dir='ltr'>casaturi</span> <span class='ocrx_word' id='word_1_212' title='bbox 238 2335 321 2385; x_wconf 88' lang='lat' dir='ltr'>debere</span> <span class='ocrx_word' id='word_1_213' title='bbox 335 2333 483 2393; x_wconf 84' lang='lat' dir='ltr'>beneficium,</span> <span class='ocrx_word' id='word_1_214' title='bbox 498 2333 536 2381; x_wconf 81' lang='lat' dir='ltr'>vel</span> <span class='ocrx_word' id='word_1_215' title='bbox 550 2332 627 2397; x_wconf 81' lang='lat' dir='ltr'>&lt;quod</span> <span class='ocrx_word' id='word_1_216' title='bbox 641 2348 685 2398; x_wconf 78' lang='lat' dir='ltr'>ego</span> <span class='ocrx_word' id='word_1_217' title='bbox 695 2331 801 2382; x_wconf 73' lang='lat' dir='ltr'>maxime</span> 
     </span>
     <span class='ocr_line' id='line_1_34' title="bbox 121 2397 802 2464; baseline -0.004 -15"><span class='ocrx_word' id='word_1_218' title='bbox 121 2408 240 2464; x_wconf 83' lang='lat' dir='ltr'>sequerer)</span> <span class='ocrx_word' id='word_1_219' title='bbox 256 2409 286 2448; x_wconf 88' lang='lat' dir='ltr'>ut</span> <span class='ocrx_word' id='word_1_220' title='bbox 301 2414 326 2447; x_wconf 86' lang='lat' dir='ltr'>se</span> <span class='ocrx_word' id='word_1_221' title='bbox 341 2399 488 2447; x_wconf 86' lang='lat' dir='ltr'>innocentem</span> <span class='ocrx_word' id='word_1_222' title='bbox 506 2397 531 2445; x_wconf 93' lang='lat' dir='ltr'>in</span> <span class='ocrx_word' id='word_1_223' title='bbox 548 2399 668 2447; x_wconf 83' lang='lat' dir='ltr'>tormentis</span> <span class='ocrx_word' id='word_1_224' title='bbox 685 2413 733 2446; x_wconf 88' lang='lat' dir='ltr'>esse</span> <span class='ocrx_word' id='word_1_225' title='bbox 746 2413 802 2462; x_wconf 81' lang='lat' dir='ltr'>per·</span> 
     </span>
     <span class='ocr_line' id='line_1_35' title="bbox 121 2461 800 2527; baseline -0.006 -13"><span class='ocrx_word' id='word_1_226' title='bbox 121 2465 222 2514; x_wconf 73' lang='lat' dir='ltr'>tendat?</span> <span class='ocrx_word' id='word_1_227' title='bbox 246 2465 335 2526; x_wconf 84' lang='lat' dir='ltr'>Quare,</span> <span class='ocrx_word' id='word_1_228' title='bbox 351 2479 381 2512; x_wconf 88' lang='lat' dir='ltr'>ne</span> <span class='ocrx_word' id='word_1_229' title='bbox 397 2463 457 2511; x_wconf 90' lang='lat' dir='ltr'>illud</span> <span class='ocrx_word' id='word_1_230' title='bbox 470 2461 565 2526; x_wconf 86' lang='lat' dir='ltr'>quidem</span> <span class='ocrx_word' id='word_1_231' title='bbox 581 2478 671 2527; x_wconf 82' lang='lat' dir='ltr'>semper</span> <span class='ocrx_word' id='word_1_232' title='bbox 683 2469 800 2511; x_wconf 77' lang='lat' dir='ltr'>monstret</span> 
     </span>
     <span class='ocr_line' id='line_1_36' title="bbox 122 2528 803 2590; baseline -0.009 -12"><span class='ocrx_word' id='word_1_233' title='bbox 122 2528 156 2578; x_wconf 84' lang='lat' dir='ltr'>sic</span> <span class='ocrx_word' id='word_1_234' title='bbox 174 2529 313 2588; x_wconf 80' lang='lat' dir='ltr'>dicentibus,</span> <span class='ocrx_word' id='word_1_235' title='bbox 333 2529 505 2577; x_wconf 76' lang='lat' dir='ltr'>Patrocinium</span> <span class='ocrx_word' id='word_1_236' title='bbox 522 2528 565 2575; x_wconf 82' lang='lat' dir='ltr'>ltac</span> <span class='ocrx_word' id='word_1_237' title='bbox 583 2529 667 2588; x_wconf 84' lang='lat' dir='ltr'>uoluit,</span> <span class='ocrx_word' id='word_1_238' title='bbox 687 2529 729 2590; x_wconf 81' lang='lat' dir='ltr'>qui</span> <span class='ocrx_word' id='word_1_239' title='bbox 745 2541 803 2573; x_wconf 83' lang='lat' dir='ltr'>carr·</span> 
     </span>
     <span class='ocr_line' id='line_1_37' title="bbox 122 2590 801 2660; baseline -0.01 -18"><span class='ocrx_word' id='word_1_240' title='bbox 122 2597 264 2643; x_wconf 80' lang='lat' dir='ltr'>traversiam</span> <span class='ocrx_word' id='word_1_241' title='bbox 272 2596 358 2656; x_wconf 75' lang='lat' dir='ltr'>struit.</span> <span class='ocrx_word' id='word_1_242' title='bbox 387 2593 495 2641; x_wconf 83' lang='lat' dir='ltr'>Fortasse</span> <span class='ocrx_word' id='word_1_243' title='bbox 508 2591 571 2640; x_wconf 89' lang='lat' dir='ltr'>enim</span> <span class='ocrx_word' id='word_1_244' title='bbox 582 2592 672 2640; x_wconf 82' lang='lat' dir='ltr'>noluit:</span> <span class='ocrx_word' id='word_1_245' title='bbox 690 2590 731 2638; x_wconf 85' lang='lat' dir='ltr'>sed</span> <span class='ocrx_word' id='word_1_246' title='bbox 740 2597 801 2660; x_wconf 78' lang='lat' dir='ltr'>esto,</span> 
     </span>
     <span class='ocr_line' id='line_1_38' title="bbox 122 2652 802 2720; baseline -0.021 -10"><span class='ocrx_word' id='word_1_247' title='bbox 122 2659 236 2710; x_wconf 77' lang='lat' dir='ltr'>volueritr</span> <span class='ocrx_word' id='word_1_248' title='bbox 254 2659 402 2719; x_wconf 88' lang='lat' dir='ltr'>continuone,</span> <span class='ocrx_word' id='word_1_249' title='bbox 420 2656 440 2704; x_wconf 85' lang='lat' dir='ltr'>ai</span> <span class='ocrx_word' id='word_1_250' title='bbox 456 2657 497 2705; x_wconf 91' lang='lat' dir='ltr'>ille</span> <span class='ocrx_word' id='word_1_251' title='bbox 515 2656 585 2705; x_wconf 84' lang='lat' dir='ltr'>stulte</span> <span class='ocrx_word' id='word_1_252' title='bbox 601 2653 719 2720; x_wconf 77' lang='lat' dir='ltr'>cogitavit,</span> <span class='ocrx_word' id='word_1_253' title='bbox 732 2652 802 2700; x_wconf 76' lang='lat' dir='ltr'>nobis</span> 
     </span>
    </p>
   </div>
   <div class='ocr_carea' id='block_1_9' title="bbox 0 0 936 2946">
    <p class='ocr_par' dir='ltr' id='par_1_9' title="bbox 0 0 936 2946">
     <span class='ocr_line' id='line_1_39' title="bbox 0 0 936 2946; baseline 0 0"><span class='ocrx_word' id='word_1_254' title='bbox 0 0 936 2946; x_wconf 95' lang='lat' dir='ltr'> </span> 
     </span>
    </p>
   </div>
  </div>
 </body>
</html>
