1858 2946
125 61 176 110 res
259 58 396 124 msere.
411 53 568 107 orirer.
581 53 631 104 1x.
645 55 673 102 e.
711 112 713 122 Ι

124 189 184 237 rium
194 186 329 248 ursonem,
338 187 426 252 ulique,
436 184 554 234 mentione
564 182 654 243 habiti,
666 176 778 246 efferre,
790 184 814 233 ei

122 253 240 315 deponere
252 251 315 316 spud
329 251 466 300 memoriam
479 248 573 310 judicis,
588 257 613 296 et
623 262 747 310 reposcere
758 264 815 312 quae

127 315 268 380 deposueris,
291 323 314 364 et
336 330 446 379 separare
463 313 571 378 quedam
588 313 707 360 schemate
729 313 813 377 aliquo

126 384 183 435 (non
196 379 259 438 enim
269 388 304 428 est
311 379 362 444 ipsu
368 395 409 442 per
417 394 441 426 se
447 377 537 428 iteratio
545 377 658 435 scheme),
668 385 691 425 et
700 379 813 440 excipere

126 445 214 508 eliqua,
232 452 254 491 et
269 444 324 508 dure
335 443 420 492 actioni
433 441 507 490 varios
520 442 585 490 velut
599 440 687 490 vultus.
715 441 814 492 Gaudet

128 509 191 557 enim
207 524 243 556 res
259 509 379 557 verietate:
399 517 431 566 et,
448 506 507 553 sicut
523 504 585 554 oculi
604 505 751 553 diversarum
769 505 813 552 ad·

118 584 208 637 speetu
223 589 301 622 rerum
317 572 392 636 magis
408 571 555 626 detinmtun
572 569 610 618 its*
618 585 711 633 semper
724 569 812 618 animis

126 647 229 702 prestet,
246 638 271 685 in
287 637 351 702 quod
366 652 400 697 se,
412 635 477 684 velut
492 649 590 693 novum,
606 633 740 686 intendant.
763 635 812 682 Est

126 705 247 765 emphasis
262 702 332 750 etiem
348 701 408 748 inter
424 699 518 762 figures,
535 713 591 746 eum
606 713 636 746 ex
649 699 731 763 ulique
746 698 811 748 dicte

126 767 203 816 latens
213 765 303 830 aliquid
313 766 422 823 eruitur?
433 771 461 812 ut
471 762 536 826 apud
546 761 685 826 Virgilium,
756 785 760 793 ν

144 879 205 924 Non
216 877 284 922 licuit
296 875 394 922 thalami
404 879 522 936 expertem
533 873 584 920 eine
595 873 697 920 erimine
708 875 789 924 vitem

146 943 240 1001 Degere
250 939 404 1002 moresve?

129 1052 282 1117 Quamquam
292 1051 355 1099 enim
369 1050 399 1098 de
410 1048 558 1097 matrimonio
569 1048 675 1113 queritur
686 1048 762 1108 Dido,
772 1057 810 1097 ts·

128 1123 183 1165 'men
194 1117 240 1164 huc
251 1116 326 1180 erupit
337 1117 386 1176 eJus
397 1115 500 1174 effeetus,
513 1122 540 1161 ut
551 1113 601 1162 sine
613 1113 725 1162 thalamis
736 1114 810 1162 vitam

128 1195 176 1230 non
186 1181 309 1230 hominum
319 1187 394 1242 putet,
406 1179 446 1227 sed
456 1179 565 1226 ferarum.
584 1177 661 1226 Aliud
672 1177 738 1242 apud
749 1178 810 1228 Ovi-

128 1245 195 1292 dium
206 1261 287 1308 genus,
302 1243 366 1306 apud
378 1259 450 1308 quem
460 1250 484 1292 et
494 1243 596 1307 Myrrha
608 1242 694 1292 nutrici
705 1257 811 1292 amorem

127 1309 201 1374 petris
212 1309 245 1357 sie
255 1307 383 1369 confitetur,

194 1453 263 1471 .....
276 1423 307 1484 0,
319 1421 390 1483 esest,
395 1422 494 1486 felicem
505 1423 604 1486 conjuge
614 1423 736 1470 metrern!

129 1531 195 1582 Huic
208 1532 246 1582 vel
260 1531 357 1582 eonflnis
372 1532 409 1580 vel
424 1531 505 1580 eadem
519 1541 563 1594 est,
578 1533 627 1597 qui
638 1549 703 1582 nune
717 1533 810 1584 uttnur

127 1598 265 1662 plurimum.
293 1598 351 1646 Jem
367 1597 429 1646 enim
448 1596 520 1644 adid
538 1612 621 1660 genus,
641 1598 706 1663 quod
723 1608 747 1647 et
763 1599 809 1646 fre·

129 1663 307 1726 quentissimum
324 1671 366 1719 est,
383 1670 406 1710 et
419 1661 546 1724 exspectari
559 1662 663 1710 maxime
678 1663 758 1722 eredo,
770 1678 810 1711 ve·

129 1725 242 1779 piendum
260 1733 308 1774 este
325 1725 351 1771 in
365 1741 422 1788 que,
441 1741 481 1788 per
500 1725 627 1788 quemdem
642 1727 808 1789 suspicionem,

129 1789 192 1852 quod
203 1804 250 1837 non
261 1789 368 1848 dicimus,
379 1788 452 1852 ueeipi
462 1789 586 1846 volumus;
604 1805 652 1838 non
662 1792 746 1856 utique
754 1806 809 1839 eon·

130 1852 236 1912 erarium,
250 1853 313 1900 utin
326 1870 427 1918 ειρωνιιᾳ,
443 1853 483 1901 sed
494 1854 560 1902 aliud
572 1854 657 1916 latens,
672 1863 696 1904 et
707 1855 809 1904 auditori

127 1917 195 2028 pueri
211 1915 392 1966 inveniendum
410 1917 482 1981 quod,
500 1926 528 1966 ut
546 1934 618 1982 supra
635 1921 735 1979 ostendi,
756 1922 809 1982 jam

139 1997 176 2030 ere
192 1983 268 2030 solum
284 1982 376 2028 scheme
390 1997 405 2028 e
417 1982 502 2030 nostris
516 1992 618 2044 vocetur,
637 1993 661 2032 et
674 1985 739 2032 unde
753 2000 808 2034 eon-

128 2048 243 2097 troversiae
251 2050 369 2108 figurate
380 2045 496 2094 dicuntur.
519 2048 581 2108 Ejus
592 2049 678 2112 triplex
688 2065 746 2098 usus
757 2057 806 2108 est;

128 2127 199 2173 unus,
216 2113 236 2161 si
251 2112 325 2160 dicere
341 2110 420 2176 pelam
436 2125 520 2174 perum
534 2119 613 2160 tutum
629 2122 680 2170 est3
702 2113 771 2172 ulter,
789 2114 809 2162 si

127 2190 176 2225 non
186 2178 265 2235 deeet3
284 2175 373 2235 tertius,
388 2175 430 2240 qui
446 2176 572 2224 venustatis
588 2177 658 2225 modo
674 2179 751 2241 gratiis
767 2177 809 2226 sd·

126 2238 229 2303 hibetur,
246 2251 270 2290 et
285 2241 337 2305 ipsi
352 2241 453 2289 novitate
469 2255 496 2286 ee
509 2240 618 2290 varietate
631 2243 716 2305 magis,
735 2259 808 2307 quem

128 2305 236 2354 sirelstio
244 2307 348 2362 sitrecte,
358 2305 463 2352 delectet.
479 2303 519 2350 Ex
527 2304 573 2364 his,
580 2307 644 2369 quod
652 2317 687 2354 est
723 2307 807 2368 'mum‚

127 2366 237 2440 frequens
250 2369 275 2414 in
289 2367 372 2415 scholis
382 2376 423 2414 est.
448 2366 514 2414 Nam
527 2375 551 2415 et
560 2370 678 2431 pactiones
706 2386 809 2433 eponen·

126 2436 190 2478 trum
205 2430 329 2494 imperium
345 2439 507 2492 tyrannorum,
524 2439 548 2478 et
565 2443 618 2495 post
636 2434 703 2482 civile
717 2436 808 2486 bellum
897 2423 898 2468 i

127 2493 345 2552 senatis-sonsum,
357 2491 493 2556 fingentum
510 2501 534 2541 et
548 2495 647 2557 capitale
664 2506 699 2546 est
709 2499 809 2559 objicere

123 2563 248 2615 entesete3
264 2563 300 2615 ut,
320 2555 384 2619 quod
400 2556 426 2604 in
444 2555 496 2610 fore
511 2570 558 2606 non
576 2559 679 2624 expedit,
697 2561 747 2612 illie
763 2577 807 2616 nee
