1808 2938
172 142 173 152 κ
195 119 323 171 INSTIT·
340 117 496 170 ORATOR.
512 121 575 172 XII.
594 123 632 172 10.
703 123 751 172 31³

112 251 179 299 Licet
188 258 267 299 tamen
277 249 423 314 precogitare
429 250 505 314 plura,
517 259 540 300 et
548 251 653 299 animum
664 251 694 300 ed
702 267 753 301 om.

78 329 121 364 nes
130 331 195 364 casus
207 327 357 378 componeres
375 315 445 378 idque
456 325 490 364 est
505 316 577 363 tutius
592 315 652 376 stilo,
663 333 709 380 quo
720 317 756 364 fs-

80 380 148 428 (silius
167 388 189 428 et
209 377 323 428 omittitur
340 379 455 442 cogitatio,
474 389 497 428 et
513 381 657 431 transfertur.
697 381 752 442 Sed,

80 445 138 502 sive,
155 445 180 492 in
195 443 360 507 respondendo,
377 443 447 491 tuerit
463 445 538 493 subito
555 445 687 507 dicendum,
704 447 753 495 sive

80 525 135 573 quae
147 509 193 556 aiis
204 509 237 556 its
249 508 349 570 exegerit
361 508 428 566 ratio,
440 523 561 572 nunquam
575 525 708 574 oppressum
728 527 753 559 se

80 588 108 621 ac
121 572 287 636 deprehensum
301 573 376 621 credet
388 581 471 632 orator,
485 574 522 620 cui
535 573 654 638 disciplina
666 585 689 623 et
702 584 752 624 stu-

14 675 18 706 :
80 637 148 684 dium
165 647 188 686 et
205 637 335 686 exercitatio
352 637 439 686 dederit
457 637 516 685 vires
533 638 602 686 etiam
620 637 752 699 facilitatis,-

80 717 199 766 quemque
217 710 332 750 armatum
350 717 448 765 semper,
465 717 493 749 ao
509 703 615 750 velutin
634 705 753 766 procinctu

11 805 19 820 ,.
81 775 191 826 stantem,
202 781 249 813 uon
262 767 337 830 magis
351 781 455 830 unquam
470 767 494 814 in
505 767 578 816 causis
589 767 669 827 oratio,
680 783 753 832 quam

11 833 13 842 '
78 830 494 894 inrebusquotidienisaodomestieis
502 831 752 890 senno,defloiet;nee

81 911 108 943 se
124 909 229 958 unquam
241 903 334 958 propter
349 895 393 943 hoc
409 895 473 944 oneri
489 895 621 954 subtrahet3
638 897 708 944 modo
724 898 754 950 sit

12 995 13 998 η
81 975 157 1008 eausae
168 959 281 1008 disoendae
290 967 382 1024 tempus
391 975 399 1016 ς
416 973 471 1008 nam
482 967 562 1009 cetera
572 975 661 1024 semper
672 961 733 1010 sciet.

331 1088 448 1137 CAPUT
464 1089 497 1138 X.

11 1197 18 1234 ⁵
115 1220 231 1284 Superest,
243 1227 270 1268 ut
279 1219 354 1267 dioam
366 1221 488 1282 degenere
497 1221 616 1267 motionis.
650 1220 753 1269 Hiceret

81 1285 212 1350 propositus
226 1299 240 1332 a
254 1285 320 1332 nobis
332 1283 356 1330 in
369 1283 480 1332 divisione
493 1284 569 1347 primi
581 1283 644 1332 locus
657 1285 751 1333 tertiusa

81 1364 138 1397 nam
149 1350 182 1396 ita
192 1349 349 1412 promiseram,
356 1362 395 1394 me
402 1348 432 1397 de
441 1356 501 1406 orte,
510 1349 539 1396 de
546 1351 644 1410 artefice,
651 1350 680 1398 de
686 1365 754 1412 opere

25 1441 29 1452 ι
77 1413 209 1461 dicturum.
243 1413 305 1461 Cum
315 1413 344 1460 sit
356 1421 434 1460 autem
446 1412 567 1461 rhetoricas
580 1422 649 1477 atque
659 1413 753 1462 oratoris

79 1493 143 1539 opus
154 1480 236 1536 oratio,
249 1478 371 1552 pluresque
384 1478 434 1538 ejus
445 1477 534 1536 fomroe,
546 1477 604 1525 sicut
616 1479 751 1535 ostendam

79 1542 108 1589 in
119 1541 226 1590 omnibus
236 1543 282 1600 lus,
293 1551 316 1590 et
326 1557 367 1588 ora
377 1551 411 1589 est
422 1549 445 1589 et
454 1543 560 1605 aomo.-
578 1543 706 1604 plurimum
717 1551 754 1590 ta-

81 1620 138 1654 men
149 1605 247 1655 invicem
258 1607 375 1666 differunt,
386 1620 428 1654 nee
441 1606 516 1654 solum
529 1606 612 1669 specie,
624 1615 651 1654 ut
661 1608 754 1670 signum

11 1701 12 1706 ,
82 1669 159 1733 signo,
171 1679 194 1719 et
203 1671 283 1731 tabula
293 1671 386 1730 tabulas,
398 1679 421 1718 et
431 1670 514 1718 actioni
526 1671 600 1728 acti03
618 1671 657 1719 sed
671 1685 755 1735 genere

12 1775 13 1780 ,
81 1735 142 1798 ipso,
154 1743 181 1782 ut
191 1751 206 1783 a
216 1736 303 1784 Gracia
315 1735 449 1784 Tuscenium
459 1741 550 1795 statuae,
561 1743 585 1783 et
594 1736 697 1784 Asianus
708 1736 755 1784 elo·

82 1815 156 1864 quens
173 1800 261 1849 Attico.
305 1800 365 1848 Suos
384 1808 462 1847 autern
480 1799 530 1847 haee
547 1815 644 1862 operum
662 1815 754 1864 genera,
804 1811 807 1816 '

12 1891 14 1898 ι
82 1879 137 1928 qnae
150 1864 210 1924 dieo,
225 1873 253 1913 ut
267 1871 379 1922 auctores,
393 1863 424 1912 sio
438 1864 507 1912 etiam
523 1873 634 1913 amatores
650 1863 751 1913 habente

81 1937 153 1991 atque
163 1929 214 1976 ideo
224 1929 329 1978 nondum
340 1937 374 1976 est
385 1929 497 1992 perfectus
507 1936 590 1988 orator,
602 1945 628 1977 ao
637 1929 713 1978 neseio
723 1944 755 1978 aa

11 2003 14 2037 2
82 2007 120 2040 ars
131 1993 188 2050 ulla,
200 2007 246 2040 non
257 1995 333 2041 solum
343 1992 474 2056 quia-aliud
483 1993 507 2039 in
519 1992 564 2040 elio
574 1993 649 2056 magis
660 1993 755 2052 minet,

12 2073 14 2078 ’
82 2055 124 2106 sed
140 2055 203 2121 quod
218 2071 266 2104 non
281 2072 329 2104 una
342 2057 450 2104 omnibus
465 2057 540 2104 ronna
555 2057 651 2120 plausit,
668 2057 755 2120 partim

11 2177 13 2194 ,
82 2120 213 2198 eopditione
223 2121 260 2170 vel
270 2129 400 2198 temporum
406 2121 444 2170 vel
453 2120 565 2182 looorum,
573 2121 658 2184 partim
667 2120 756 2182 judicio

11 2243 12 2268 ³
81 2201 198 2309 mdi'ldrqddie,
206 2193 415 2314 mmm&
425 2263 493 2315 opera
503 2265 550 2300 uon
558 2249 675 2300 venustatis
685 2249 756 2298 modo

81 2313 158 2379 gratii
176 2314 270 2375 visenda
291 2314 345 2372 sint,
363 2315 418 2364 clari
438 2315 535 2380 pistores
556 2315 627 2364 fuisse
647 2313 756 2362 dicuutur

82 2380 233 2441 Polygnotus
243 2388 313 2443 atque
320 2380 469 2442 Aglaophon,
478 2393 578 2444 quorum
586 2379 685 2442 simplex
693 2378 757 2428 oolor

81 2451 132 2492 tam
144 2443 181 2492 sui
194 2443 307 2492 studiosos
321 2443 397 2492 adhue
409 2445 487 2503 habet,
501 2452 531 2492 ut
541 2445 582 2492 illa
593 2457 664 2508 prope
678 2443 755 2502 mdia,

81 2523 109 2556 ae
121 2507 186 2567 velut
202 2508 287 2556 future
297 2523 355 2558 mox
368 2509 422 2556 artis
432 2509 565 2572 primordia,
581 2507 698 2566 maximis,
714 2506 756 2570 qui

80 2579 135 2634 post
145 2587 183 2621 eos
193 2561 340 2634 exstiterunt,‘
347 2573 478 2622 auctoribus
492 2573 651 2638 preferantur,
663 2571 757 2634 proprio

81 2635 185 2700 quodam
203 2637 348 2704 intelligendi
365 2639 405 2704 (ut
422 2653 476 2692 mett
490 2639 536 2694 fert
551 2635 641 2748 opi2nio)
658 2635 756 2687 ambitu.

118 2711 182 2750 Ἴθι.
192 2716 225 2754 11.
605 2713 624 2750 E
