1868 2942
143 109 174 157 62
261 102 388 158 INSTIT.
405 109 561 160 ORATOR„
579 107 655 159 v111.
673 111 697 156 3.

144 237 224 286 Cicero
233 239 270 286 bis
279 237 336 302 ipsis
347 238 486 286 adBrutum
494 238 569 287 verbis
577 236 712 302 quidamin
719 233 822 300 epistolis

143 302 229 362 son'bit,
243 305 312 350 Nam
326 304 487 364 eloqramtiom,
505 319 558 364 quoe
571 305 755 351 admirationem
771 319 821 352 nota

143 367 218 426 dotet,
231 369 320 414 nullm
331 369 422 429 judico.
444 368 581 416 Aristoteles
598 383 692 432 quoque
709 368 820 416 eamdem

144 431 267 494 petendam
277 431 379 479 maxime
390 440 465 495 putet.
490 432 536 480 Sed
546 431 584 480 hic
594 441 689 480 umatus
701 433 819 495 (repetam

144 494 219 556 enim)
228 495 308 556 virilis,
320 495 394 556 tortis,
406 505 429 544 et
439 505 531 544 sanctus
542 497 587 553 sit;
604 511 647 544 nec
658 496 819 544 effeminatam

144 559 269 620 levitatem,
281 575 323 608 nec
332 561 386 608 fuco
402 559 540 608 eminentem
555 561 654 609 colorem
665 569 744 616 amet3
761 576 820 608 san-

144 624 215 686 guine
225 633 248 672 et
258 625 344 673 viribus
354 625 433 672 niteat.
458 625 511 673 Hoc
522 633 601 673 autem
611 626 669 673 adeo
679 639 761 673 verum
773 635 819 686 est,

144 695 180 748 ut,
192 705 246 737 oum
258 689 283 736 in
299 689 343 736 hac
357 689 459 737 maxime
474 699 539 751 parte
549 690 595 737 sint
605 689 681 738 vicina
691 689 821 738 virtutibus

145 753 209 813 vitia,
227 754 304 811 ctiam,
322 753 363 816 qui
377 754 439 802 vitiis
454 761 560 813 utuntur,
578 755 668 802 virtutis
683 762 762 802 tamen
779 755 820 803 his

144 831 229 866 nomen
247 819 374 881 imponant.
393 818 472 877 Quare
488 833 557 866 nemo
572 835 601 866 ex
618 819 730 882 corruptis
745 819 818 879 dicet,

144 897 184 930 me
194 881 315 929 inimicum
326 897 375 930 esse
385 884 446 930 culte
456 883 590 931 dicentibus.
615 885 672 932 Non
684 898 745 944 nego
755 883 820 932 hano

144 961 192 994 esse
199 947 321 1003 virtutem3
334 947 374 994 sed
383 947 429 994 iliis
438 963 489 995 cem
499 963 546 994 nou
557 948 641 996 tribuo.
659 948 701 996 An
710 963 754 1010 ego
761 947 820 995 fun-
924 973 925 1002 3

145 1009 202 1056 dum
214 1011 333 1058 ordtiorem
346 1019 435 1074 putem,
447 1012 472 1058 in
488 1027 535 1076 quo
551 1011 610 1059 mihi
624 1013 677 1076 quis
691 1011 821 1060 ostenderit
842 1059 851 1075 ,
924 1027 925 1076 5

145 1073 194 1121 lilia
205 1083 227 1122 et
237 1075 317 1136 violas,
327 1083 349 1122 et
360 1091 460 1124 amoenos
470 1077 544 1124 fontes
555 1086 681 1140 surgentes,
690 1091 764 1140 quam
774 1078 820 1124 ubi

145 1139 215 1202 plena
222 1140 312 1200 messis,
320 1148 360 1187 aut
366 1155 445 1204 graves
453 1141 530 1188 fructu
538 1141 595 1190 vites
604 1144 694 1202 erunti
708 1141 819 1189 sterile·

145 1204 275 1266 platanum,
284 1212 406 1268 tonsasque
416 1214 511 1269 myrtos,
521 1219 592 1270 quem
603 1205 711 1253 maritam
721 1205 820 1253 ulmum

147 1276 170 1316 et
180 1271 260 1316 uberes
268 1270 329 1316 oleas
339 1269 533 1332 praeoptaverim?
551 1271 661 1318 Habeant
668 1271 709 1317 iila
717 1270 817 1318 divites:

145 1332 213 1380 licet:
232 1331 288 1397 quid
299 1341 381 1393 essent,
393 1333 413 1380 si
422 1333 487 1381 aliud
496 1334 556 1382 nihil
565 1335 693 1382 haberent?

110 1425 115 1428 -
179 1398 299 1445 Nullusne
305 1413 358 1461 ergo
366 1397 435 1446 etiam
445 1398 568 1446 fructiferis
576 1399 721 1446 adhibendus
732 1407 766 1446 est
777 1399 820 1447 de-

146 1461 201 1508 cor?
215 1461 276 1521 Quis
282 1462 367 1526 negat?
384 1463 448 1510 Nam
457 1463 510 1510 etin
519 1463 623 1510 ordinem
630 1472 737 1526 certeque
745 1464 820 1511 inter-

146 1525 208 1574 valla
224 1526 327 1591 redigam
345 1540 382 1576 eas
399 1529 497 1575 arbores.
525 1527 591 1587 Quid
610 1528 673 1576 enim
688 1529 729 1576 illo
746 1529 821 1592 quin-

146 1607 217 1641 cunce
228 1592 359 1657 speciosius,
370 1591 419 1657 qui,
431 1591 641 1704 igequamoumque
651 1602 741 1654 partem
752 1609 821 1656 spec-

147 1658 238 1718 taveris,
260 1666 334 1706 rectus
353 1659 406 1706 est?
505 1657 609 1718 protinus
630 1656 656 1704 in
677 1657 702 1704 id
723 1673 821 1721 quoque

145 1723 245 1786 prodest,
264 1731 291 1770 ut
309 1731 374 1770 terrae
390 1736 484 1768 succum
502 1719 620 1784 equaliter
632 1721 732 1768 trahant.
759 1723 819 1770 Sur·

145 1787 223 1850 gentis
237 1787 261 1834 in
280 1788 354 1834 altum
369 1785 489 1834 cacumina
501 1785 557 1832 oleae
574 1785 634 1833 ferro
650 1786 775 1834 coiircebo:
793 1787 820 1834 iu

145 1853 225 1898 orbem
236 1867 260 1898 se
269 1849 391 1898 formosius
401 1847 492 1908 fundet,
504 1857 527 1898 et
541 1849 647 1912 protinus
663 1849 766 1898 fructum
781 1867 821 1899 ra·

145 1915 190 1962 mis
201 1914 306 1978 pluribus
316 1914 380 1962 feret.
403 1911 527 1962 Decentior
537 1929 619 1976 equus,
632 1915 699 1976 cujus
710 1915 821 1964 adstricta

145 1987 202 2026 sunt
217 1977 273 2038 ilia;
291 1977 407 2027 sedidem
421 1978 525 2026 velocior.
552 1979 653 2026 Pulcher
665 1979 776 2042 adspectu
789 1981 820 2028 sit

145 2043 240 2104 atideta,
261 2045 327 2106 cujus
345 2044 441 2092 hoertos
462 2043 593 2091 exerdmtio
611 2043 731 2106 expressit,
754 2044 820 2092 idem

144 2109 264 2158 certamini
278 2108 384 2171 paratior.
408 2109 538 2172 Nunquam
549 2123 602 2156 vcra
616 2107 700 2171 species
711 2111 741 2156 ab
753 2109 820 2156 utili-

144 2183 192 2223 tate
210 2173 328 2222 dividitur.
352 2172 398 2222 Sed
414 2173 459 2220 hoc
477 2172 572 2236 quidem
588 2173 715 2220 discernere
731 2173 819 2221 modici

142 2239 225 2302 judicii
235 2245 275 2288 est.
291 2237 356 2287 Illud
367 2237 522 2287 observatione
533 2235 634 2300 dignius,
645 2235 708 2300 quod
718 2237 758 2285 hic
768 2237 820 2301 ipse

144 2303 254 2352 honestus
265 2312 359 2353 ornatus
374 2319 417 2368 pro
432 2302 533 2351 materiae
546 2315 628 2366 genere
638 2301 707 2349 debet
717 2317 767 2350 esse
777 2315 826 2372 vn·⁸

144 2368 224 2416 riatus.
252 2369 342 2434 Atque,
359 2377 419 2418 uta
440 2367 517 2432 primi
532 2367 643 2414 divisione
661 2365 746 2424 ordiar,
770 2381 820 2414 non

144 2431 207 2479 idem
216 2435 416 2495 demonstrativis,
426 2441 449 2482 et
457 2430 622 2490 deliberativis,
632 2438 655 2477 et
659 2431 820 2492 judicialibus

144 2497 220 2545 causis
231 2499 357 2548 conveniet.
381 2499 492 2562 Namque
501 2493 561 2544 illud
576 2509 658 2556 genus,
669 2495 820 2542 ostentationi

144 2563 307 2626 compositum,
324 2564 398 2614 solam
416 2563 476 2628 petit
493 2558 638 2609 audientium
654 2558 818 2619 voluptatem:
