1856 2948
139 130 186 187 174
269 128 398 178 INSTIT.
417 127 571 178 ORATOR.
590 128 636 178 lx.
654 129 678 176 4.

133 273 192 322 opus
211 265 253 306 est.
279 256 318 305 Ac
333 256 393 305 msssi
409 256 500 308 videtur
517 265 567 304 tota
584 257 684 306 nmatio
702 265 813 309 constare

133 322 274 385 longioribus
284 321 389 385 periodis.
405 321 553 384 Argumenta
562 322 623 370 acria
631 331 654 370 et
664 322 735 370 citata
743 325 812 386 pedi-

133 388 178 434 bus
189 402 281 450 quoque
291 385 321 432 sd
330 386 390 433 hanc
400 395 507 432 naturam
516 385 692 434 accommodatis
701 396 810 448 utentum,

133 464 181 498 non
191 458 269 497 nmen
281 447 326 510 [ita
336 457 363 496 ut
372 449 484 508 trochaeis,
496 465 549 512 quos
559 449 640 497 celeria
650 450 811 513 quidem„sed

132 514 182 562 sine
198 514 285 562 viribus
302 522 369 562 sunt:
394 529 483 572 verum,
504 514 611 576 quamvis
631 514 678 562 sint
698 516 811 564 brevibus

132 577 254 641 longisque
269 578 352 634 mixta,
370 591 417 624 non
434 586 512 624 tamen
529 577 608 638 plures
624 578 713 640 longas,
735 595 809 642 quam

133 644 212 691 breves
226 641 354 704 habentia]
377 641 424 688 Illa
441 641 549 688 sublimia
563 641 673 704 spatiosas
687 643 809 707 clamque

133 721 199 755 voces
209 707 309 761 habente
326 713 406 752 amant
416 704 594 767 surplitudincm
605 707 693 766 dactyli
703 721 808 770 quoque,

133 786 161 818 ec
167 774 267 834 poeontn
279 769 367 817 etiamsi
377 769 459 829 maiori
470 785 499 816 ex
507 777 572 830 parte
583 769 676 831 syllabis
686 772 808 831 brevibus,
910 791 911 826 ς

134 835 275 899 temporibus
286 843 363 881 tannen
374 833 428 882 satis
438 832 508 896 pleni.
529 833 621 895 Aspera
631 841 710 881 contra
722 837 809 883 wmlis

133 900 236 946 maxime
245 897 402 956 concitantur3
415 911 462 944 non
473 898 549 944 solum
560 897 623 961 quod
633 897 680 944 sint
690 914 703 946 e
713 899 808 949 duabus

133 963 203 1010 modo
220 961 321 1025 syllabis,
340 977 413 1024 eoque
430 961 608 1024 frequentiorem
625 962 692 1024 quasi
708 964 808 1024 pulsum

132 1026 227 1086 habent,
246 1042 299 1090 qua
315 1041 351 1074 res
367 1025 456 1074 lenitati
473 1025 586 1073 cornaria
602 1034 652 1081 est;
677 1027 716 1076 aad
734 1028 806 1078 etiam

132 1091 196 1154 quod
208 1091 315 1138 omnibus
329 1089 431 1153 partibus
447 1089 578 1151 insurgunt,
592 1097 615 1137 et
631 1105 646 1136 a
657 1091 767 1139 brevibus
781 1094 808 1142 in

132 1155 212 1218 longas
220 1155 325 1203 nituntur
333 1162 356 1202 et
363 1161 478 1202 crescuntt
490 1153 587 1216 ideoque
593 1154 698 1202 meliores
706 1157 806 1216 choreis,

132 1219 174 1282 qui
186 1237 201 1268 a
214 1219 289 1282 longis
302 1219 326 1266 in
339 1221 419 1267 breves
432 1219 524 1266 cadunt.
549 1218 678 1276 submissa,
690 1221 772 1282 qualia
780 1222 806 1268 in

132 1284 236 1348 epilogis,
251 1285 325 1330 lentas
341 1291 364 1330 et
380 1283 439 1346 ipsa,
457 1291 480 1330 et
492 1283 570 1329 minus
586 1283 750 1343 exclamantes,
766 1301 808 1334 ex.

131 1347 206 1410 igunt.
224 1348 284 1395 Vult
294 1362 342 1395 esse
351 1348 431 1395 Celsus
441 1347 544 1410 aliquam
557 1355 580 1393 et
591 1347 731 1410 superiorem
742 1363 806 1398 eom.

132 1411 277 1474 positionem,
291 1427 371 1475 quam,
385 1411 511 1474 siquidem
526 1409 642 1470 sciremus,
655 1411 804 1462 doceremus:

130 1475 172 1523 sed
183 1476 220 1536 sit,
231 1491 321 1525 necesse
332 1485 373 1535 est,
384 1475 450 1524 tarda
462 1485 486 1524 et
496 1474 585 1536 supina.
608 1475 707 1534 Verum,
718 1477 765 1526 nisi
775 1493 805 1528 ex

127 1540 206 1590 ,verbis
223 1550 292 1605 atque
310 1540 426 1589 sententiis
444 1555 485 1604 per
501 1555 550 1588 sese
566 1539 591 1588 id
608 1539 727 1603 quaritur,
751 1542 806 1590 satis
829 1553 836 1568 ·

130 1604 210 1654 odiosa
221 1623 268 1655 esse
278 1621 326 1654 non
335 1605 425 1669 poterit.

127 1709 129 1716 ,
163 1670 280 1734 Denique,
292 1679 319 1718 ut
328 1671 398 1717 semel
409 1669 497 1728 finum,
509 1669 541 1717 sic
551 1669 598 1718 lere
608 1670 804 1732 componendum,

131 1735 247 1797 quomodo
259 1733 455 1797 pronuntiandum
468 1733 517 1780 erit
540 1734 582 1781 An
594 1749 641 1781 non
651 1733 676 1780 iu
687 1735 805 1796 prooemiis

130 1799 268 1861 plerumque
281 1797 395 1851 submissi,
412 1797 466 1857 (nisi
480 1812 534 1844 cum
547 1797 572 1844 in
588 1797 731 1846 accusatione
748 1814 804 1847 oon·

125 1862 235 1910 sitiendus
245 1870 280 1909 est
287 1861 369 1921 judex,
381 1869 422 1908 aut
429 1861 509 1924 aliqui
518 1861 676 1924 indignatione
685 1863 805 1924 complen-

131 1924 187 1983 dus)
197 1926 222 1972 in
230 1925 358 1973 narratione
363 1924 426 1987 pleni
434 1935 504 1988 atque
509 1927 619 1988 expressi,
627 1927 651 1972 in
660 1927 803 1988 mgumesitis

130 1989 203 2050 citati,
216 1998 286 2054 atque
298 1989 348 2051 ipso
364 1989 434 2037 etiam
449 1997 515 2037 motu
530 1990 613 2038 celeres
624 1993 723 2039 sumus?
739 1991 802 2038 utin

130 2053 185 2102 locis
198 2069 225 2102 ac
237 2053 424 2117 descriptionibus
438 2053 484 2102 fusi
498 2069 525 2101 ac
541 2054 646 2113 fluentes,
662 2055 687 2101 in
705 2055 801 2118 epilogis

129 2119 266 2183 plemmque
280 2119 361 2180 dejecti
375 2127 398 2166 et
410 2117 520 2167 infracti?
542 2117 567 2165 A
594 2135 624 2167 ue
633 2119 733 2182 corporis
742 2135 803 2182 quo-

129 2183 419 2247 quemotuisuaquadam
427 2191 538 2246 tempora,
547 2127 621 2243 etllad
627 2184 692 2246 signa
700 2182 800 2247 pedum]

129 2261 177 2296 non
187 2249 265 2296 minus
275 2248 397 2305 saltationi,
408 2261 479 2310 quam
492 2247 696 2307 modulationibus,
707 2247 801 2294 adhibet

129 2313 219 2361 musica
229 2313 287 2361 ratio
302 2325 416 2359 numeros.
442 2311 525 2370 Quid?
541 2325 587 2358 non
598 2327 644 2360 vox
655 2319 679 2358 et
688 2320 753 2359 sotiis
764 2325 801 2360 at-

129 2376 289 2424 oommodatur
309 2383 398 2422 naturas
414 2376 526 2438 ipsarum,
544 2374 573 2421 de
589 2375 675 2437 quibus
692 2375 799 2434 dicimus,

129 2441 227 2485 rerum?
250 2439 306 2496 Quo
315 2437 393 2484 minus
403 2439 427 2485 id
437 2438 523 2485 mirum
535 2437 560 2483 in
571 2439 670 2512 pedibus
683 2438 799 2496 untionis

83 2537 90 2548 .
127 2514 185 2550 cum
195 2500 292 2548 debeant
303 2500 411 2550 sublimia
421 2501 519 2562 ingredi,
531 2501 593 2548 lenta
603 2502 665 2561 duci,
678 2503 739 2550 acria
748 2517 801 2550 cun

129 2575 188 2624 rere,
198 2563 295 2612 delicate
305 2563 382 2612 fluere.
398 2564 490 2627 Itaque,
502 2564 542 2618 ubi
553 2573 587 2615 est
597 2579 696 2625 necesse,
707 2565 800 2614 effecta·
