1808 2938
215 129 516 186 tustineantur.
532 132 594 182 XII.
611 137 635 182 „⁰2
713 131 765 188 295

87 264 196 316 centibus
207 263 310 323 tradum,
321 270 349 310 ut
358 261 394 310 his
402 261 510 310 omnibus
517 261 544 320 ii,
552 262 594 326 qui
603 261 731 326 didicerint,
738 267 763 315 in

89 332 143 395 ipso
152 329 256 378 luctandi
266 327 390 377 certamine
400 333 504 384 utantur,
516 328 580 390 (plus
591 329 653 376 enim
663 330 767 392 pondere

91 403 116 444 et
126 393 234 442 firmitate
245 402 268 442 et
277 392 358 456 spiritu
369 392 454 454 agitur)
466 390 505 438 sed
516 399 543 438 ut
553 393 626 440 subsit
637 395 702 457 copia
714 395 765 456 illa,

91 475 124 508 ex
134 458 182 521 qui
192 473 266 506 unum
276 466 318 504 aut
327 456 435 513 alterum,
452 457 518 516 cujus
533 471 557 504 se
569 458 655 506 occasio
668 459 766 520 deden,

93 522 208 580 efficiant3
227 523 260 570 ita
274 522 324 569 bec
339 536 392 584 pars
408 520 533 578 dialectica,
550 521 597 568 sive
612 522 677 570 illam
692 523 767 573 dicere

92 587 204 635 malimus
215 588 402 647 disputatriccm,
408 593 436 632 ut
443 593 478 632 est
485 584 549 632 utilis
556 602 616 649 stepe
624 596 647 635 et
655 588 766 636 finitioni·

93 653 148 710 bus,
163 659 185 698 et
202 650 450 712 wmpreheneiouibus,
467 657 491 696 et
504 651 635 712 separandis
646 667 698 715 qua
712 663 768 702 eunt

92 715 230 774 differentia,
242 725 265 763 et
275 713 408 762 resolvendi
418 713 576 776 ambiguitate,
591 724 615 763 et
624 715 768 780 distinguen-

92 780 135 839 do,
150 779 281 837 dividendo,
295 779 418 838 illiciendo,
431 777 585 840 implicando;
602 780 644 838 ita,
659 781 767 831 sitotum

93 844 140 894 sibi
155 843 303 892 vindicaverit
314 843 339 890 in
352 843 401 891 ioro
413 851 535 897 certamen,
551 845 651 893 obstabit
666 845 769 894 meliori.

93 911 150 966 buo,
162 917 185 956 et
195 917 266 956 sectas
276 908 306 955 ad
319 907 454 956 tenuitatem
464 923 531 955 suam
546 908 604 956 vires
616 909 667 973 ipsi
677 911 768 958 subtili.

93 981 144 1021 tate
154 983 278 1020 consumet.
307 973 391 1035 Itaque
402 973 500 1034 reperias
516 973 637 1035 quosdam,
654 974 678 1022 in
689 975 769 1039 dispu.

93 1037 167 1086 tando
178 1037 235 1086 mire
244 1037 346 1096 callidos,
357 1052 410 1084 cnm
421 1038 451 1084 ab
461 1036 503 1083 illi
511 1036 654 1086 cavillatione
664 1039 771 1090 diocese

94 1102 153 1162 rint,
173 1116 219 1150 non
236 1103 310 1166 magis
326 1100 428 1148 sufficere
445 1101 471 1147 in
489 1101 568 1164 aliquo
585 1102 688 1164 graviore
707 1114 770 1166 actu,

95 1182 170 1231 quam
180 1181 251 1230 parva
259 1165 366 1230 quadam
372 1165 490 1225 animalia,
502 1181 562 1229 qua,
570 1165 712 1230 insugustiis
719 1185 770 1218 uro-

95 1231 162 1291 bilia,
174 1247 256 1294 campo
265 1231 474 1294 deprehenduntur.

130 1297 188 1345 Jam
196 1295 291 1360 quidem
301 1295 403 1359 pareilla
411 1297 516 1354 nwrclie,
523 1313 576 1360 qua
584 1296 667 1345 dicitur
675 1300 771 1357 Ethice,

96 1370 158 1410 certe
173 1369 222 1408 tota
234 1361 318 1410 oratori
331 1369 365 1408 est
375 1361 552 1410 accommodata.
576 1363 649 1422 Nam,
665 1363 690 1410 in
705 1365 770 1412 tantis

97 1425 772 1553 utllllttlttlll„llssfflttltlltffltt:

97 1553 230 1614 eludantur,
242 1555 287 1602 alie
295 1555 347 1615 jure
355 1556 541 1615 submoveantur,
550 1556 586 1603 vel
597 1556 770 1617 transferantur,

97 1618 146 1666 alia
156 1618 301 1682 colligantur,
316 1619 353 1666 vel
364 1619 416 1681 ipsa
431 1618 491 1667 inter
506 1635 530 1668 se
542 1629 686 1677 concurrant,
697 1621 734 1669 vel
745 1621 772 1669 in

97 1683 215 1732 diversum
226 1683 377 1746 ambiguitate
390 1683 519 1740 ducantur;
536 1684 659 1744 nullatere
671 1685 716 1733 dici
730 1701 773 1750 po-

96 1757 151 1808 test,
163 1750 230 1810 cujus
241 1763 288 1796 non
299 1757 363 1810 parte
373 1747 398 1795 in
406 1747 485 1811 aliqud
492 1755 601 1796 tractatus
612 1749 673 1812 requi
683 1751 774 1799 achoni

96 1812 231 1876 reperiatur.
249 1813 376 1876 praestrue
385 1829 438 1860 vero
448 1827 497 1860 esse
504 1813 557 1876 quis
567 1813 646 1873 nasot,
656 1830 709 1877 quae
719 1823 774 1863 totae

96 1878 124 1925 in
137 1878 186 1926 sold
201 1878 312 1943 qualitate
326 1877 469 1925 munistent?
487 1877 517 1925 Iu
530 1878 630 1926 consiliis
642 1894 704 1938 vero,
720 1896 775 1943 quse

98 1942 158 1990 ratio
176 1943 287 1990 suadendi
303 1950 338 1990 eet
355 1944 385 1990 ab
402 1941 492 1990 bonesti
510 1943 636 2006 quastione
653 1944 772 2008 seposita?

99 2005 167 2065 Quid
183 2006 224 2053 illa
240 2007 310 2056 etiam
325 2021 378 2070 pars
394 2007 469 2066 tertia,
481 2023 534 2070 quae
550 2009 662 2055 laudandi
673 2024 700 2055 ac
710 2012 775 2056 vitu-

93 2073 199 2135 perandi
213 2071 293 2120 officiis
303 2072 449 2120 continetur?
467 2072 559 2134 Nempe
571 2072 596 2118 irr
611 2081 708 2120 tractatu
719 2074 775 2120 recti

98 2136 214 2200 pravique
224 2145 332 2184 emantur.
355 2137 398 2184 An
408 2135 437 2184 de
441 2135 549 2198 justitie,
555 2138 711 2199 fortitudine,
722 2139 774 2184 ods-

99 2199 211 2260 omitit,
233 2199 396 2262 temperarant,
414 2203 511 2262 pietate,
531 2215 579 2247 non
595 2200 698 2262 plurima
715 2201 777 2250 dicet

98 2268 193 2314 orator?
211 2265 251 2313 sed
261 2265 301 2314 ille
311 2265 345 2314 vir
355 2267 439 2322 bonus,
451 2266 493 2328 qui
502 2265 552 2312 haec
562 2279 608 2312 non
620 2265 713 2313 vocibus
723 2274 776 2314 ten·

99 2338 153 2382 tum
161 2329 205 2378 sibi
211 2338 266 2378 nota
274 2339 344 2394 atque
351 2329 493 2390 nomnibus,
501 2329 592 2376 aurium
599 2338 666 2377 tetrus
674 2330 698 2377 in
705 2346 775 2383 usum

97 2394 188 2457 liuguae
197 2395 331 2458 perceperit,
342 2395 382 2444 sed
390 2395 439 2458 qui,
451 2395 546 2442 virtutes
556 2394 617 2505 ipsas
627 2403 706 2443 mente
713 2410 777 2444 com·

98 2459 194 2524 plexus,
214 2459 247 2508 ita
264 2459 354 2520 sentiet,
372 2459 453 2508 necin
470 2459 560 2521 cogitari
578 2458 639 2506 cite
652 2459 775 2518 laborabit,

99 2524 150 2584 sed,
169 2525 232 2588 quod
249 2523 313 2581 sciet,
331 2539 384 2572 vere
398 2523 466 2572 dicet.
490 2525 552 2572 Cum
565 2523 596 2571 sit
609 2531 687 2572 autem
700 2524 776 2572 omnia

99 2589 213 2652 generalis
232 2588 330 2653 questio
348 2589 441 2653 speciali
457 2587 571 2652 potentior
588 2588 654 2652 (quia
670 2589 777 2636 universo

100 2668 155 2715 pars
166 2654 303 2716 coronetur,
316 2668 363 2702 non
376 2653 457 2716 utique
470 2652 557 2702 accedit
569 2653 637 2714 parti,
649 2651 712 2716 quod
724 2651 764 2700 uu*
