1858 2946
221 79 226 86 '
243 91 373 142 memo.
390 91 546 145 ommon.
563 93 641 146 vm.
658 95 682 142 o.
771 95 800 144 or

123 224 194 273 etiam
212 223 314 272 humiles
331 223 504 282 mundationem
523 234 552 273 ut
568 224 601 287 id,
620 224 650 273 de
667 237 715 289 quo
730 225 801 274 modo

122 289 182 350 dixi,
195 291 274 336 Sooea
285 295 320 336 est
331 304 439 336 verruca.
459 289 493 338 Et
504 289 611 338 sordide.
630 291 687 338 Non
696 289 768 350 enim,
779 291 800 340 ei

122 353 206 403 Cicero
223 361 283 400 reete
300 355 417 400 sentinam
434 356 570 415 reipublice
587 355 655 413 dixit,
671 354 798 404 fodinam

121 419 254 467 hominum¹
264 417 402 480 signifians,
417 417 502 466 ideirco
518 422 614 483 probem
630 419 690 467 iilud
704 435 736 484 qu
768 435 798 468 ue

121 483 207 532 veteris
214 483 316 543 oratoris,
323 485 470 531 Pereeooisti
477 485 611 546 reipublice
618 487 727 532 vomicas.
737 434 799 548 Ἧι»

123 549 229 612 timeque
247 546 326 596 Cioero
344 548 486 598 demonstrat
504 549 643 610 cavendum,
663 565 693 598 ne
710 549 740 599 sit
757 550 798 598 de-

123 613 205 662 formis
223 613 359 669 translatio;
384 613 460 676 qualis
478 617 595 668 estinsm
610 614 666 678 ipsis
680 615 731 676 ejus
744 624 798 664 uter

123 675 248 740 exemplis)
259 679 396 726 Caetrotom
407 685 481 726 mone
492 678 609 743 Africani
620 681 798 740 rempublicam,
879 695 883 706 ·

122 752 156 803 et,
173 745 271 792 merces
282 744 357 789 ceria
368 744 510 791 Glauciam.-
527 759 558 792 ne
568 743 641 792 nimio
651 745 735 804 major,
746 753 796 805 eut,

121 807 187 873 quod
197 807 282 870 saepius
292 807 383 866 accidit,
397 807 487 856 minorz
505 822 535 856 ne
545 809 678 857 dissimilis.
696 823 797 884 quomm

122 872 232 936 exempla
242 871 343 920 nimium
353 872 485 936 frequenter
494 872 658 936 deprehendet,
670 887 712 938 qm
722 873 798 922 scierit

121 939 174 986 haec
184 937 240 984 vitio
250 951 306 984 esse.
328 936 374 985 Sed
385 945 408 984 et
418 937 485 1020 copis
495 953 588 1002 quoque
598 939 696 987 modum
707 953 797 1002 egresse

122 1003 206 1051 vitiosa
216 1010 259 1060 est,
270 1001 384 1066 precipue
394 1001 419 1048 in
430 1001 511 1050 eadem
522 1003 603 1066 speeie.
622 1005 684 1053 Sunt
691 1003 795 1064 etdmae,

122 1067 150 1116 id
160 1075 202 1126 est,
213 1065 367 1130 elonginqui
381 1065 533 1115 similimdine
543 1067 635 1118 duotaez
652 1075 688 1130 ut,
701 1069 795 1132 Capitis

122 1135 199 1194 nives,
211 1139 242 1193 et,

130 1209 133 1214 ¹
169 1224 270 1286 Jupiter
279 1223 390 1270 hibernos
401 1221 461 1272 comi
472 1225 527 1272 eive
537 1227 645 1288 conspuit
655 1223 736 1288 Alpes.

120 1332 154 1380 In
163 1329 205 1378 illo
215 1344 269 1378 vem
279 1328 410 1392 plurimum
423 1329 512 1390 erroris,
526 1329 589 1393 quod
604 1345 639 1392 ee,
651 1345 705 1395 que
719 1331 794 1394 poetis

81 1445 85 1452 ,
120 1395 174 1460 (qui
189 1403 213 1442 et
228 1393 308 1441 omnia
323 1393 354 1440 ad
370 1393 513 1457 voluptatem
528 1394 639 1454 referunt,
654 1404 677 1444 et
690 1396 793 1460 piminm

121 1469 210 1509 vertere
220 1458 291 1506 eiiam
305 1457 358 1520 ipsi
373 1457 442 1505 meni
453 1459 587 1508 necessitate
598 1469 723 1522 eoguntur)
739 1477 793 1524 per.

121 1525 195 1573 missa
209 1531 273 1584 sunt,
290 1522 410 1572 convenire
421 1521 517 1586 quidem
532 1523 602 1572 etiam
617 1540 691 1588 prosae
700 1534 792 1588 putent.

119 1591 159 1640 At
175 1604 226 1652 ego,
245 1587 270 1634 in
287 1587 384 1650 agendo,
402 1601 445 1635 neo
456 1594 578 1650 pastorem
589 1591 683 1651 popuii,
700 1597 793 1638 auctore

119 1657 235 1713 Homero,
247 1651 361 1710 dixerim
379 1666 422 1700 nec
437 1655 541 1700 volucres
554 1655 642 1716 pennis
656 1656 776 1715 remigare
783 1671 793 1712 ,·

118 1721 174 1769 licet
184 1718 307 1782 Virgilius,
324 1717 349 1764 in
365 1717 448 1780 apibus
462 1733 490 1765 ac
504 1717 611 1778 Demo,
629 1717 793 1782 speciosissime

119 1787 151 1834 sit
167 1800 231 1832 usus.
255 1783 396 1846 Memphora
411 1782 474 1830 enim
491 1791 533 1830 eut
546 1791 665 1831 vadentem
680 1797 792 1847 oocupare

117 1853 197 1900 locum
213 1848 289 1907 debet,
306 1855 357 1907 aut,
374 1847 394 1894 si
410 1846 435 1894 in
445 1845 548 1896 alienum
559 1848 630 1908 venit,
647 1847 701 1912 plus
717 1849 793 1898 valere

119 1932 147 1964 eo
158 1914 221 1978 quod
232 1911 334 1976 expellit⁴
360 1911 432 1972 Quod
442 1912 562 1976 aliquanto
574 1927 640 1977 paene
654 1914 705 1975 jam
715 1914 791 1977 magis

118 1981 149 2028 de
160 1979 297 2040 synecdoche
308 1977 392 2024 dicem.
418 1977 483 2024 Nam
495 1979 619 2026 translatio
630 1979 791 2042 permovendis

119 2043 204 2094 animis
214 2043 352 2106 plerumque
365 2049 388 2088 et
398 2041 515 2105 signandis
526 2045 603 2104 rebus,
618 2058 645 2090 ac
658 2045 702 2091 sub
712 2043 791 2091 oeulos

117 2107 275 2170 subjiciendis,
285 2113 376 2170 reperta
386 2113 435 2154 est:
452 2106 503 2155 haec
513 2107 600 2157 variare
609 2121 739 2156 sermonem
749 2123 793 2170 po·

118 2182 172 2232 test,
192 2180 220 2221 ut
237 2187 266 2220 ex
283 2186 331 2219 uno
345 2171 423 2234 plures
439 2171 605 2234 inoelligmmis‚
623 2179 688 2235 perte
704 2179 790 2232 totum,

117 2238 193 2304 specie
209 2252 292 2300 genus,
309 2235 490 2300 praecedentibus
508 2237 636 2300 sequentis,
652 2235 690 2284 vel
704 2243 791 2284 eontra.

118 2303 209 2355 Omnia
218 2301 325 2350 liberiora
335 2301 417 2364 poetis,
427 2317 499 2364 quam
507 2301 643 2349 oratoribus.
660 2301 725 2348 Nom
736 2315 791 2364 pro·

118 2387 152 2431 sa,
169 2376 197 2416 ut
213 2381 349 2414 mueronem
365 2382 407 2430 pro
423 2365 509 2430 gladio,
523 2374 547 2414 et
561 2371 649 2414 tectum
664 2379 707 2428 pro
720 2364 790 2416 domo

117 2434 227 2498 recipiet;
244 2431 277 2479 iis
287 2445 335 2479 non
341 2433 445 2494 puppim
455 2445 498 2494 pro
508 2429 572 2490 navi,
583 2445 625 2478 nec
635 2432 733 2478 abietem
747 2445 791 2492 pro

118 2498 217 2549 tabellis.
240 2497 275 2545 Et
287 2512 376 2557 rursus,
393 2505 420 2543 ut
433 2509 476 2560 pro
487 2495 565 2558 gladio
572 2496 682 2558 fierem,
696 2495 729 2542 ite
743 2508 791 2541 non

118 2581 160 2630 pro
171 2578 232 2628 equo
247 2558 429 2624 quodemedem.
453 2559 562 2608 Maxime
576 2568 655 2608 amem
669 2560 694 2606 in
705 2557 792 2606 orendo

118 2629 204 2680 vaiebit
224 2641 375 2676 numerorum
393 2626 435 2675 ille
452 2624 551 2674 libertas.
578 2624 643 2674 Nem
665 2631 688 2670 et
709 2621 791 2669 livius
866 2627 869 2631 ·
