1808 2938
141 123 190 174 ³18
255 121 384 173 iussin.
402 117 558 170 ORATOR.
575 115 640 167 XII.
660 119 701 168 1⁰.

142 253 235 314 nsmrt,
251 251 300 300 sive
309 251 361 314 lege
370 251 468 300 civitatis
478 249 593 308 videntur,
608 248 734 310 sdjeoerit,
750 258 778 296 ut
790 247 823 296 af·

142 319 217 366 tectus
234 317 370 365 concitatius
385 323 485 376 movent,
501 313 594 362 sudium
613 313 747 373 dioentan,
768 316 821 362 Nos

137 385 200 446 jecit
216 383 258 428 boc
268 381 452 428 Deowstbeneri
469 389 492 427 et
507 379 526 426 si
543 377 602 442 quid
616 377 702 425 exierit
721 379 822 426 numeris
888 391 889 394 ’

142 446 221 510 aptius
232 446 339 510 (fortasse
349 459 396 492 non
409 444 497 508 pomtg
514 443 554 490 sed
568 452 657 499 tomen,
674 444 694 490 si
709 443 823 506 quidex·
888 471 889 494 ι

143 510 206 570 ierit)
219 525 265 556 non
276 510 319 557 erit
327 511 456 557 Atticum?
474 507 562 556 Melius
573 507 654 554 deboc
664 509 768 556 nomine
775 523 823 555 sen.

144 575 211 634 liunt,
222 574 361 638 credantque
371 574 451 621 Attice
462 575 539 620 dicere
549 586 596 619 csse
606 573 697 632 optime
711 574 798 620 dicere.

177 639 257 702 Atque
267 639 291 685 in
302 638 345 686 bsc
358 647 435 686 umen
450 637 557 700 opinione
570 645 751 700 perseverantes
762 638 824 684 Grn-

141 709 183 752 ωε
191 703 266 766 magis
277 703 376 750 tulerim
393 703 481 750 Lirim
492 700 689 763 mihifastum,
703 710 736 748 ut
746 702 823 749 inven-
888 711 889 740 ÷

139 769 215 828 tione,
226 767 383 830 dispositione,
392 767 495 825 consilio,
506 765 592 813 caeteris
602 764 677 825 hujus
687 766 785 827 generis
791 781 823 812 sr-
888 811 889 816 ,

98 875 105 884 .
139 833 215 892 tibus,
232 831 313 879 smilis
324 832 419 890 Graecae,
437 847 464 878 oc
474 845 568 892 prorsus
578 829 697 892 discipulo
714 831 777 891 ejus,
792 830 823 876 si-

144 897 226 954 detnr;
242 896 283 954 its,
292 896 351 943 circo
361 896 474 943 rationem
484 893 615 957 eloquendi,
625 893 668 940 vix
676 893 770 942 habere
775 895 824 942 imi·
888 917 889 926 ¹

144 961 238 1008 tutionis
248 960 333 1008 locum.
349 960 501 1023 Namquoest
509 959 553 1022 ipsi
561 957 639 1004 statim
652 972 730 1005 sonus
738 958 823 1018 durior,

145 1025 239 1090 qumdo
246 1034 269 1072 et
277 1024 456 1085 jucundissimas
464 1039 493 1070 ex
503 1022 589 1070 Graeois
599 1021 679 1069 literas
690 1036 743 1070 non
755 1023 823 1071 bebo
888 1019 889 1028 ’

145 1105 208 1148 mus,
217 1089 319 1137 vocalem
327 1089 431 1148 alteram,
440 1089 536 1136 alterum
546 1096 727 1146 consonantem,
740 1089 824 1152 quibus

145 1155 217 1202 nullae
227 1153 291 1217 apud
301 1168 340 1201 cos
354 1153 444 1201 dulcius
456 1152 559 1215 spirent:
576 1167 634 1214 quas
646 1153 758 1199 mutuari
769 1154 825 1200 sole·

144 1233 208 1278 mus,
220 1218 309 1282 quoties
319 1218 413 1266 illorum
424 1217 557 1265 nominibus
567 1215 664 1262 utimur.
681 1215 762 1274 Quod
772 1233 823 1264 eum

146 1283 267 1345 contingit,
286 1282 421 1346 nescio-quo
438 1281 508 1328 modo
526 1281 589 1328 velut
603 1279 702 1327 hilarior
721 1282 826 1344 protinus

146 1347 234 1396 renidet
249 1347 330 1405 oratio,
348 1356 375 1394 ut
392 1345 417 1392 in
430 1340 548 1407 Zepby'rlr
561 1353 583 1392 et
599 1345 718 1406 zopyris,
738 1345 823 1409 quiesi

146 1411 229 1460 nostris
245 1411 316 1459 literis
328 1412 464 1470 scribuntur,
482 1408 580 1457 surdum
597 1407 715 1472 quiddam
732 1419 756 1458 et
773 1412 823 1458 bor·

146 1479 229 1526 barum
243 1476 355 1531 efficient;
373 1484 396 1523 et
406 1475 470 1523 velut
480 1473 503 1522 in
514 1475 592 1521 locum
603 1488 684 1521 esrum
699 1475 824 1522 succedent

145 1541 222 1590 tristes
235 1550 258 1588 et
272 1540 379 1600 horridae,
397 1540 482 1603 quibus
493 1538 583 1586 Graecis
597 1546 666 1585 seret.
689 1537 762 1586 Nsm
776 1539 823 1596 ills,

147 1622 200 1670 qun
214 1614 279 1653 sexte
293 1613 326 1653 est
342 1613 481 1661 nostrarum,
494 1617 563 1665 paene
575 1616 622 1650 non
637 1601 751 1650 humani
762 1619 823 1662 vocs

146 1671 184 1718 vel
194 1669 288 1718 omnino
298 1684 345 1717 non
354 1684 408 1717 voce
415 1669 501 1732 potius,
507 1667 567 1715 inter
573 1666 708 1714 discrimina
717 1667 824 1715 dentium

148 1734 247 1782 afflando
263 1741 309 1783 ost:
334 1750 395 1798 quae,
411 1733 481 1780 etism
498 1747 553 1780 cum
569 1731 672 1779 vocalem
686 1733 825 1792 proximum

147 1799 238 1861 occipit,
257 1814 341 1864 quassa
359 1796 539 1861 quodammodo,
559 1796 639 1858 utique
662 1797 760 1858 quoties
782 1797 825 1844 ali·

147 1878 218 1926 quam
232 1862 406 1910 consonantium
416 1861 510 1924 frarigit,
525 1869 552 1907 ut
562 1859 587 1906 in
597 1859 642 1907 boc
652 1859 705 1922 ipso
709 1862 825 1923 frangis,

147 1927 223 1974 multo
233 1926 259 1974 fit
269 1927 388 1986 horridior.
406 1927 502 1973 AEollce
512 1939 605 1988 quoque
614 1923 696 1980 literae,
714 1926 766 1988 qui
778 1941 827 1973 ser·

149 2007 205 2039 unm
216 2006 354 2052 ceruumque
364 1991 471 2050 dicimus,
481 1989 551 2038 etism
561 1989 582 2036 si
592 1989 668 2036 forms
678 2003 693 2035 s
705 1991 779 2038 nobis
790 2005 827 2038 re·

147 2057 244 2118 pudists
258 2067 299 2115 est,
317 2055 350 2103 vis
363 2064 440 2102 temen
451 2069 494 2101 nos
504 2054 554 2116 ipso
563 2053 719 2116 persequitur.
744 2053 827 2104 Dum

146 2130 171 2169 et
182 2121 223 2169 ills
237 2121 335 2184 syllnbss
348 2119 410 2179 facit,
426 2135 479 2182 quae
491 2117 521 2166 sd
536 2116 709 2179 conjungendas
726 2118 827 2166 demum

148 2188 262 2247 subjectos
276 2185 320 2232 sibi
330 2184 417 2233 vocales
428 2191 463 2230 est
473 2182 545 2240 utilis,
560 2182 617 2229 alios
628 2196 787 2244 supervacua,
800 2193 826 2231 ut

148 2265 216 2312 quor
227 2265 253 2297 eo
264 2263 349 2310 equum
359 2248 488 2306 scribimus,
503 2261 558 2294 cum
572 2247 628 2309 ipsse
641 2245 714 2294 etism
731 2247 771 2296 hs
787 2263 828 2296 vo-

148 2315 208 2361 cales
218 2313 270 2360 duae
277 2313 375 2361 efficient
385 2327 477 2371 sonum,
484 2311 559 2375 qualis
567 2309 631 2373 apud
637 2311 736 2359 Grecos
745 2312 828 2360 nullus

148 2384 191 2434 est,
203 2376 300 2437 ideoque
315 2376 381 2423 scribi
392 2376 485 2422 illorum
495 2375 566 2422 literis
576 2389 622 2422 uon
633 2383 719 2437 potest.
750 2377 828 2435 Quid,

148 2437 211 2499 quod
222 2438 330 2500 pleraque
340 2453 382 2502 nos
392 2440 442 2497 int,
454 2439 522 2501 qussi
529 2437 656 2500 mugiente,
668 2438 741 2488 litera
752 2441 830 2490 cludi-

148 2513 210 2558 mus,
223 2501 262 2552 M.
274 2502 321 2562 qui
328 2503 421 2551 nullum
433 2504 514 2550 Graece
527 2505 625 2550 verbum
636 2502 721 2551 cadit?
748 2509 786 2554 At
796 2505 831 2554 illi

149 2563 189 2636 JV,
198 2563 336 2622 J’ucundem,
344 2566 399 2612 etin
410 2566 456 2614 fine
466 2566 590 2630 precipue,
599 2567 667 2631 qussi
675 2567 831 2625 tinnimtsn,

147 2624 212 2674 1111111
223 2624 275 2673 1⁰00
290 2637 389 2690 ponunt,
407 2645 461 2692 quae
479 2639 515 2680 est
531 2631 595 2694 opud
612 2645 655 2679 nos
670 2633 796 2684 ruriam
808 2635 834 2682 iu
