1808 2938
132 107 180 154 ³22
246 105 375 156 insum.
392 103 549 154 ORATOR.
567 101 630 151 ΧΠ.
651 91 692 150 1οζ

130 235 184 284 dem
194 235 259 285 loms
269 235 368 285 intucms
381 243 415 284 est
427 232 569 282 onsittendus
584 231 652 298 qnod
665 231 751 296 plures
761 247 812 282 ecu-

131 299 233 348 ditonrm
243 301 314 350 aliem
321 317 370 349 esse
376 299 466 348 dicendi
471 299 593 358 rationem
601 297 675 346 elium
683 298 811 356 scribendi,

131 373 285 428 putavenrntt
303 365 400 430 ideoque
410 365 435 411 in
446 363 535 428 egendo
545 362 685 411 clarissimos
695 363 812 426 quodum

131 429 190 476 nihil
201 430 328 493 posteritati
335 428 496 492 mansurisque
505 426 586 493 [mox]
596 427 671 476 literis
678 427 812 491 reliquisse,

131 501 158 541 ut
169 496 288 542 Periclem
300 504 322 543 et
333 495 479 542 Demaden.-
496 507 575 540 rursus
585 491 654 552 elios,
672 491 708 539 sd
719 507 813 556 compc-

131 558 235 606 nendum
252 560 359 623 optimos,
373 557 500 606 actionibus
516 556 610 604 idoneos
624 570 673 603 nou
687 556 773 616 fuisse,
788 565 814 604 nt
886 599 887 604 ,

131 625 277 671 Isocratcmr
294 632 411 688 praeteren
422 621 446 669 in
457 621 555 684 egendo,
562 620 616 684 plus
628 620 739 683 impetus
750 637 813 683 posse
886 651 887 690 ;

131 687 278 750 plerumque,
288 695 312 736 et
321 689 404 753 petitus
414 686 452 734 vel
461 686 532 750 paulo
542 685 650 734 licentius
661 685 812 761 voluptatem
886 707 887 728 t

131 752 308 801 commovendos
325 751 388 802 enim
405 766 454 799 esre
473 750 633 814 ducendosque
650 751 750 798 animos
770 765 812 797 nn·

131 816 271 878 peritorumt
289 825 321 875 et,
340 815 403 880 quod
419 813 484 862 libris
501 814 627 874 dedicatur,
646 822 671 862 et
687 813 717 862 in
736 830 812 864 exem

131 879 199 942 plum
213 878 729 941 sdinrr,tersumeclimatum‚etsdlegem
742 895 813 928 ecre

130 945 211 1006 gulam
230 945 383 1008 compositum
401 958 451 992 esse
466 949 586 1006 oporteret
609 942 669 1006 quia
688 943 773 991 veniat
788 943 812 991 in

132 1023 217 1055 munus
235 1007 364 1070 doctorum,
382 1017 405 1057 et
420 1006 508 1070 judices
527 1007 583 1056 eriis
599 1005 689 1054 hebent
705 1007 811 1056 artifices.

131 1071 198 1130 Quin
213 1073 248 1120 illi
263 1074 367 1132 subtiles,
380 1081 408 1121 ut
420 1071 507 1120 similes
520 1086 547 1119 ec
561 1070 632 1120 multi
642 1081 812 1134 pnsnmernnt
887 1139 888 1150 γ

131 1137 246 1213 magistri,
264 1138 401 1212 cepnduppn
420 1135 660 1210 &adductionem
678 1136 811 1212 sert'bendo,

132 1210 294 1314 coen
304 1199 635 1250 nn
653 1208 739 1328 ec
749 1201 811 1314 rc

132 1343 181 1377 esse
191 1331 262 1378 oratio
275 1330 367 1394 scripte,
383 1345 455 1395 quent
470 1328 641 1378 monimentum
655 1329 759 1378 actionis
772 1329 812 1378 ln·

40 1403 45 1413 ¹
131 1391 230 1442 bitel
271 1410 300 1442 ue
317 1395 393 1443 nullus
407 1410 454 1442 non
473 1398 511 1449 (ut
527 1390 619 1456 opinor)
637 1391 711 1441 debet
727 1393 812 1442 bebere

132 1457 234 1506 virtutes.
288 1475 318 1508 on
328 1459 387 1522 dico,
398 1460 465 1508 nulls
474 1459 543 1524 vities
560 1472 616 1505 nem
626 1456 748 1521 imperitis
762 1460 813 1522 pls·

131 1535 182 1571 cere
192 1523 323 1588 aliquando,
335 1541 388 1590 qun
399 1525 479 1572 vitiose
490 1531 552 1580 suut,
564 1522 617 1570 scio.
633 1521 693 1580 Quo
704 1523 813 1572 diffumt

132 1587 219 1650 igitur?
236 1589 308 1648 Quod
318 1589 337 1638 si
347 1590 407 1637 mibi
416 1589 457 1638 des
464 1588 586 1637 consilium
594 1586 706 1650 judicum
717 1588 811 1650 sepim-

132 1655 192 1711 tbm‚
210 1669 321 1716 perquem
339 1655 414 1702 multe
430 1653 531 1702 recidam
546 1665 575 1700 ex
592 1649 749 1712 cretionibus,
764 1667 812 1700 non

133 1715 249 1765 Ciceronis
267 1717 345 1778 modo,
363 1719 403 1767 sed
421 1717 491 1766 edem
510 1718 568 1779 ejus,
591 1715 632 1780 qui
655 1723 691 1762 est
710 1717 812 1765 strictior

131 1781 216 1840 multo,
231 1781 402 1832 Demosthenis.
418 1783 504 1846 Neque
520 1780 583 1829 enim
600 1779 697 1828 affectus
713 1782 813 1830 omniuo

130 1846 240 1920 movendi
258 1856 333 1907 erunt,
351 1863 394 1896 nec
412 1863 478 1895 eures
499 1843 648 1894 delectatione
666 1845 812 1906 mulcendis,

130 1918 407 2025 incidissel?
428 1925 570 2024 iffi*
578 1909 813 2022 sicilici}

130 2037 251 2100 rapientes.
268 2039 364 2103 Proprie
374 2051 397 2088 et
408 2039 563 2104 significanter
572 2051 621 2084 rem
632 2036 745 2097 indicere,
754 2054 813 2101 pro.

132 2103 224 2151 batione
238 2103 351 2166 colligere,
366 2106 420 2154 setis
437 2112 482 2152 est.
505 2103 567 2151 (lum
582 2115 636 2149 vero
647 2101 725 2162 judex
740 2101 812 2151 detur

132 2174 174 2214 aut
190 2168 300 2232 populus,
318 2177 360 2216 eut
376 2185 405 2218 er
422 2168 518 2232 populo,
536 2165 653 2228 laturique
666 2166 811 2216 sentcndsm

130 2231 208 2278 indoct
221 2232 323 2296 impius,
340 2242 410 2297 atque
424 2231 517 2280 interim
530 2229 623 2285 mstici3
640 2229 731 2288 omnin,
743 2247 810 2294 qun,

129 2294 160 2341 ed
170 2296 322 2344 obtinendum
332 2297 396 2360 quod
403 2296 554 2354 intendimus,
562 2293 668 2358 prodesse
674 2295 810 2354 credemus,

129 2357 259 2405 adhibenda
278 2368 345 2415 sunt;
366 2377 437 2424 esque
456 2361 526 2408 etiem
544 2374 598 2406 cum
617 2357 733 2413 dicemus,
752 2374 809 2423 pro-

129 2419 221 2472 mendo,
240 2429 332 2468 etcum
349 2424 482 2482 scribemus,
501 2431 528 2470 ut
545 2421 668 2470 doceamus
686 2424 811 2485 quomodo

131 2479 177 2526 dici
187 2489 295 2540 oportent.
313 2485 354 2532 An
366 2485 545 2548 [Demosthenes
555 2487 617 2534 male
627 2484 660 2533 sic
671 2487 769 2548 egisset,
782 2497 811 2536 ut

130 2542 235 2617 scripsit?
252 2553 293 2592 eut
305 2549 421 2626 Cicerei]
438 2559 479 2598 eut
489 2565 527 2598 eos
540 2549 743 2612 preesteutissimoe
756 2567 811 2600 ore-

130 2613 189 2651 tores
199 2606 245 2653 ebo
255 2623 327 2669 quem
341 2613 429 2676 scriptis
442 2613 621 2676 cognoscimus?
643 2611 738 2662 Melius
753 2630 812 2678 ege·

129 2676 185 2716 runt
195 2667 273 2730 igitur,
284 2685 314 2718 en
325 2676 409 2735 pejus?
424 2691 489 2740 narn,
499 2678 603 2742 sipejus,
615 2678 812 2744 sicpotiusopor·
