1856 2948
138 79 189 126 tto
275 78 405 130 INS'I'Il'.
420 77 577 130 ORATOR·
594 77 642 128 XI.
660 80 687 134 1«

137 221 212 272 quens
223 211 411 259 commemoratio
420 209 493 274 possit
500 207 573 259 sideri
582 219 630 258 non
640 207 723 273 glorio
730 211 824 275 magis,

138 289 211 337 quam
225 273 361 335 defensioni,
376 275 437 324 data.
470 274 638 339 Eloquentiam
651 274 753 338 quidem
767 291 824 324 cum

139 337 299 402 plenissimam
307 339 403 388 dlvemoe
413 339 485 402 partis
495 339 611 388 advooatis
618 339 766 400 concederet,
778 340 823 388 sibi

139 415 262 467 nunquam
272 404 298 451 lu
309 405 398 467 agendo
408 403 532 452 immodice
540 405 663 468 arrogavit.
681 405 756 452 Illius
767 413 823 454 mut

139 468 211 527 enim,
221 470 316 530 Siquid
326 475 360 516 est
369 471 395 516 in
405 484 443 516 me
453 471 662 533 ingenii‚J'odices‚
671 471 736 530 quod
745 473 824 518 otum

139 545 210 594 quam
223 534 255 580 sit
271 535 395 595 exiguom,
414 541 446 592 et,
465 536 544 594 Nom,
560 537 704 596 quominus
721 536 824 597 ingenio

134 597 378 659 postum,rodridtum
385 598 733 661 mtdtdiligeotideomporovi.
753 599 823 659 Quin

139 659 218 718 etiam,
227 671 306 710 eontra
314 663 346 722 Q.
356 663 486 723 Caecilium,
498 663 528 710 de
537 673 668 712 accusatore
678 663 706 711 in
717 663 820 712 Verrem

139 727 306 788 onustituendo,
319 728 425 792 quamvis
441 729 545 776 multum
556 737 615 776 esset
625 728 651 775 ln
665 728 712 776 hoo
723 743 820 793 quoque

138 791 260 851 momenti,
278 801 330 841 uter
340 793 370 841 sd
387 791 504 857 agendum
521 793 597 856 magis
609 793 709 841 idoneus
719 795 819 854 veniret,

140 854 232 904 dioendi
242 865 320 906 tamen
331 857 465 906 facultatem
482 858 557 921 magis
575 858 611 906 illi
621 857 731 918 detraxit,
745 875 820 922 quam

139 918 255 984 arrogavit
272 922 330 970 sibit
351 937 419 986 seque
436 937 483 970 oon
501 931 658 983 consecutum,
676 925 719 970 sed
736 925 821 970 omnio
903 945 904 988 ζ

133 985 221 1048 fecisse
238 994 265 1035 ot
275 995 354 1049 posset
368 1003 420 1036 eom
431 990 547 1049 tonsoqui,
560 987 628 1036 dixit.
668 988 700 1035 In
714 987 820 1051 epistolis

137 1049 264 1125 aliqnando
274 1052 418 1101 familiariter
428 1049 491 1116 apud
502 1053 596 1112 anrioos,
608 1067 785 1116 nonnunquam
795 1053 821 1100 iu
903 1039 904 1126 l

138 1113 244 1178 dialogis,
256 1117 332 1166 auena
343 1126 421 1166 tamen
432 1117 538 1182 personis,
550 1133 631 1166 venum
642 1117 672 1166 de
682 1115 821 1181 eloquentia

139 1180 182 1228 sut
192 1181 254 1230 dicit
288 1181 323 1230 Et
339 1191 417 1246 aperto
432 1191 511 1230 umen
527 1182 629 1245 gloriari,
646 1182 727 1230 nescio
737 1198 772 1231 an
790 1183 821 1231 sit

139 1245 214 1309 magis
231 1247 350 1296 tolerabile
369 1248 406 1296 vel
427 1247 479 1310 ipsi
497 1247 549 1296 vitii
566 1247 638 1308 hujus
657 1247 820 1310 simplicitate,

138 1325 211 1372 quem
228 1309 269 1359 illi
284 1311 409 1372 jactatione
425 1312 539 1374 perverti,
559 1311 579 1360 si
594 1313 718 1360 abundans
733 1312 821 1376 opibus

139 1389 265 1437 pauperem
277 1392 309 1436 ae,
320 1377 403 1424 nobilis
414 1379 546 1435 obscurum,
558 1384 582 1424 et
591 1385 673 1440 potens
684 1376 820 1437 infirmum,

140 1446 163 1486 et
173 1438 271 1488 disertus
281 1441 416 1504 imperitum
427 1439 497 1504 plane
508 1449 531 1488 et
540 1440 655 1488 infantem
665 1450 739 1490 vocet.

170 1504 398 1554 Ambitiosissimun
414 1505 528 1569 gloriandi
545 1521 619 1568 genus
636 1514 671 1554 est
687 1507 762 1554 etiam
782 1507 824 1556 de·

136 1569 219 1618 ridere.
252 1571 294 1620 Ab
313 1571 364 1619 allis
384 1585 439 1633 ergo
457 1569 595 1618 laudemur:
621 1585 678 1618 nom
695 1571 761 1634 ipsos
783 1574 823 1636 (ut

139 1634 308 1684 Demosthenes
319 1636 362 1698 ait)
370 1637 510 1695 crudescere,
519 1637 592 1683 diam
599 1651 653 1684 oum
664 1637 692 1682 ab
699 1638 758 1683 aliis
770 1639 824 1684 lou·

137 1701 257 1762 doblmor,
270 1703 338 1749 decet.
373 1701 458 1765 Neque
468 1699 513 1748 hoc
523 1700 584 1760 dieo,
595 1713 643 1749 non
652 1701 785 1764 aliquando
793 1703 824 1750 de

139 1767 208 1814 rebus
223 1782 237 1813 a
254 1765 357 1828 regestis
368 1765 452 1814 oratori
462 1779 511 1813 esse
521 1765 654 1826 dicendum,
671 1765 732 1814 sicut
742 1767 823 1816 eidem

139 1828 301 1890 Demostheni,
312 1837 354 1892 pro
362 1829 527 1894 Ctesiphonte:
540 1831 604 1894 quod
610 1839 688 1878 tamen
696 1831 732 1878 ita
739 1846 824 1880 emen-
903 1861 904 1866 =

139 1891 211 1952 davit,
227 1901 254 1940 ut
273 1894 431 1943 necessitatem
448 1894 473 1942 id
488 1894 588 1943 faciendi
601 1895 740 1956 ostenderet,
758 1897 823 1944 insi·

137 1955 250 2022 diemque
260 1973 355 2006 omnem
372 1959 398 2006 in
409 1975 464 2008 eum
480 1968 601 2024 regereret,
615 1960 658 2024 qui
673 1959 719 2008 hoo
730 1977 755 2009 se
768 1963 823 2010 ood-
903 1953 904 2016 ζ

139 2021 218 2086 gisset.
251 2021 286 2071 Et
299 2023 334 2071 M.
348 2024 443 2072 Tullius
460 2039 521 2087 saepe
532 2025 588 2073 dicit
601 2025 632 2073 de
642 2026 753 2089 oppressis
764 2041 823 2074 oon·

137 2087 253 2149 juratione
262 2088 377 2150 Catilina,
387 2089 426 2138 sed
434 2088 504 2136 modo
512 2089 537 2137 id
545 2089 625 2138 virtuti
636 2091 739 2150 senatis,
747 2091 824 2139 modo

139 2152 288 2216 providentia
301 2153 407 2230 Deorum
423 2153 600 2214 inunortolium,
617 2154 729 2218 assignst-
762 2155 825 2232 Ple-

139 2220 824 2345 lltlttltllln‘tnffilitltn:

138 2345 170 2392 In
179 2348 319 2397 carminibus
327 2349 418 2396 utinam
426 2347 572 2411 pepercisset,
582 2365 636 2412 quae
643 2363 691 2397 non
699 2348 823 2399 desierunt
903 2357 904 2384 ἓ

137 2423 232 2472 sarpere
242 2411 349 2473 maligni,

174 2473 264 2520 Cedunt
275 2489 343 2521 aroto
351 2482 430 2537 toga3
448 2477 557 2526 concedat
568 2479 650 2526 hurso
661 2476 791 2546 [lingum]

139 2541 197 2644 et’0
200 2599 363 2664 fortunatam,
375 2610 457 2653 notam
466 2610 618 2668 momente,
628 2609 753 2658 nomm!
