1808 2938
221 111 349 166 lnsffl.
365 109 521 164 ORATOR,
537 108 600 162 ΧΠ.
618 111 657 162 lo.
729 113 778 164 319

103 235 222 316 munus
245 240 395 354 Quifflffl
404 243 500 306 synna
509 221 592 291 aaut
601 242 627 290 n
637 243 662 290 n
672 241 772 303 ueram,

104 315 130 357 et
140 308 166 352 D
175 314 305 354 rnnrtuutur
347 322 374 356 eo
383 321 470 370 aspere,
487 315 515 356 ut
524 307 636 371 plerique,
651 320 698 356 non
711 307 772 356 suti·

105 369 268 432 quissimorum
285 371 387 433 quidem.
405 371 446 418 sed
462 379 539 420 umen
553 379 664 432 veterum,
682 371 773 420 mollire

107 433 252 492 tentaverint,
264 448 310 482 uon
321 435 398 484 solum
407 451 490 484 averso
501 451 543 500 pro
553 437 655 482 abversis
665 435 770 496 dicendo,

104 497 145 546 sed
158 507 188 556 et,
207 497 231 546 in
246 495 411 561 praepositione,
423 503 447 548 B
458 501 530 549 litene
544 502 653 548 absomm
664 509 687 547 et
696 499 771 574 ipsum

4 563 5 592 l
104 564 126 610 S
142 562 300 626 subjiciendo?
328 563 374 612 Sed
390 574 496 614 accentus
510 579 609 628 quoque,
627 579 681 612 cum
697 579 772 627 rigore

104 625 215 690 quodem,
227 636 279 674 tum
289 627 439 676 similitudine
448 629 508 692 ipsi,
519 630 597 677 minus
608 643 689 676 sueves
698 627 771 676 hebe-

103 705 166 748 mus,
180 691 236 755 quis
249 691 333 739 ultime
346 693 434 756 syllaba
446 708 489 742 nec
502 702 570 742 scuta
585 707 689 756 unquam
709 693 770 744 exci-

103 763 175 814 tetur,
188 770 231 803 nec
245 755 305 803 flexu
318 756 504 819 circumducitur,
521 757 561 808 sed
574 757 600 804 in
615 771 717 820 gravem,
733 756 770 806 vel

5 825 9 870 ἕ
102 819 162 867 «luas
172 835 260 882 graves,
272 819 333 868 cedit
343 837 439 884 semper.
515 861 517 870 .

4 893 6 922 t
136 883 294 947 Itaquetsnto
304 894 422 933 estsenuo
436 886 626 935 Graecuslautino
637 885 770 948 jucundior,

4 956 9 988 ἲ
101 955 130 998 ut
140 949 212 996 nostri
222 950 304 1012 poitae,
315 950 405 1014 quoties
411 949 478 998 dulce
486 965 577 998 cannen
586 966 633 998 esse
640 951 770 1010 voluerunt,

102 1013 197 1060 illorum
207 1013 232 1060 id
242 1014 374 1062 nominibus
384 1023 501 1063 exornent.
526 1015 573 1064 His
582 1015 623 1064 illc
633 1014 769 1078 potentiora,

6 1087 10 1116 ²
102 1076 167 1141 quod
177 1093 212 1125 res
222 1078 328 1140 plurime
339 1086 416 1126 curent
428 1079 629 1143 appellationibus,
644 1087 667 1126 et
681 1094 718 1126 ess
730 1093 771 1126 ne-

4 1153 9 1186 !
102 1157 164 1190 cesse
178 1142 207 1189 sit
219 1141 348 1202 nmsferre,
363 1151 404 1190 aut
414 1143 547 1194 circumiret
564 1143 634 1195 etism
644 1143 668 1189 in
679 1143 707 1194 iis
717 1159 771 1206 quae

102 1205 251 1281 denominate
267 1214 330 1266 sunt,
346 1221 439 1281 sumtus
455 1215 577 1282 paupertas
590 1207 616 1254 in
630 1206 711 1258 eetleur
728 1220 770 1256 nos

100 1271 284 1334 frequentissime
293 1272 404 1321 revolvit:
421 1281 445 1319 st
455 1272 684 1320 rllisnonverborum
691 1271 770 1332 modo,

102 1335 143 1384 sed
152 1335 285 1397 linguarum
295 1335 365 1384 edem
375 1335 435 1383 inter
444 1352 468 1384 se
478 1336 641 1395 differentium,
652 1336 718 1399 copis
728 1342 769 1384 cst.

4 1419 10 1444 ι
102 1399 191 1458 Quare,
207 1399 248 1462 qui
258 1414 273 1446 ι
284 1399 374 1448 munis
388 1399 465 1462 exiget
474 1401 539 1448 illum
551 1401 649 1463 gratim
659 1399 770 1448 nomionis

102 1463 190 1521 Auses,
199 1462 238 1511 det
246 1463 336 1511 mihiin
344 1465 472 1528 eloquendo
478 1465 581 1514 cumdem
591 1465 768 1524 jucunditatem,

7 1555 11 1571 ι
102 1536 126 1576 et
136 1543 218 1602 parem
229 1528 326 1602 copiam.
343 1528 448 1587 Quodsi
462 1538 572 1593 negatum
586 1537 629 1589 est,
647 1528 770 1577 sententies

5 1637 7 1642 ,
101 1594 234 1668 sptsbrmus
250 1593 279 1640 irs
297 1592 390 1641 vocibus
407 1609 465 1657 ques
481 1593 609 1649 hebemus3
633 1607 675 1642 nec
691 1607 768 1641 rerum

101 1672 200 1707 nrmrsm
211 1656 354 1717 tenuitatem,
365 1666 449 1706 utnon
460 1658 534 1706 dicam
545 1657 712 1721 pinguioribus,
723 1657 771 1703 for·

9 1755 12 1764 ·
102 1721 199 1770 tionibus
214 1730 281 1780 certe,
297 1721 372 1772 verbis
380 1722 538 1780 miscebimus,
550 1737 579 1772 ne
589 1722 661 1770 virtus
670 1729 769 1784 utruque

100 1795 180 1850 pereat
195 1786 247 1850 ipss
261 1786 401 1834 confusione.
425 1787 498 1848 Nem,
517 1802 563 1851 quo
580 1787 661 1834 minus.
674 1786 769 1846 adjuvat

100 1866 186 1910 sermo,
208 1866 286 1899 rerum
302 1851 434 1904 inventione
451 1851 603 1915 pugnsnclum
618 1859 660 1902 sst-
684 1851 769 1900 Sensus

6 1933 12 1980 ς
100 1915 214 1962 sublimes
228 1915 331 1979 variique
344 1927 461 1965 munstur.
479 1915 633 1966 Permorentli
644 1929 723 1964 omnes
733 1915 769 1962 sf-

97 1979 176 2036 Ιἰιιιιιι
183 1987 258 2039 erunt,
270 1980 343 2028 oratio
348 1981 523 2030 translationum
529 1981 602 2028 nitore
607 1980 768 2028 ilbrminsndu.

100 2043 159 2092 Non
177 2058 301 2106 possumus
317 2059 365 2092 esse
382 2053 430 2094 tem
447 2045 558 2109 grmilesi
574 2045 647 2092 simus
660 2043 770 2092 fortiores.

100 2107 234 2160 Subtilitate
242 2108 372 2160 vincimur?
388 2109 505 2160 vslesmus
515 2108 623 2173 pondere·
639 2107 770 2170 Proprietas

8 2212 11 2220 .
100 2187 172 2236 penes
190 2172 243 2222 illos
261 2181 295 2220 est
310 2172 408 2224 certior?
431 2174 498 2238 oopii
518 2173 644 2222 mutemus.
672 2172 770 2235 Ingenio

102 2238 328 2297 &ecorum-etism
338 2237 437 2299 minore,
449 2253 501 2286 suos
511 2247 591 2302 portus
604 2237 710 2284 habent?
727 2251 769 2286 nos

98 2303 239 2368 plerumque
249 2302 374 2362 majoribus
385 2303 441 2352 velis
450 2315 600 2350 moveamurr
618 2300 714 2350 validior
724 2299 771 2364 spi·

8 2389 11 2418 ι
97 2367 159 2418 ritus
174 2375 263 2416 nostros
280 2367 343 2414 sinus
357 2367 442 2415 tendat.
457 2368 522 2422 ,Non
533 2375 609 2414 temen
622 2366 669 2412 ulto
679 2379 770 2428 semper
809 2420 810 2424 Ἰ

99 2432 214 2484 feremurr
232 2445 287 2478 nam
298 2439 321 2478 et
330 2431 398 2478 litore
407 2432 499 2480 interim
510 2430 625 2494 sequenda
635 2439 696 2476 sunt
719 2429 770 2480 lllis

8 2525 10 2550 ι
99 2494 177 2545 facilis
187 2511 229 2559 per
240 2495 349 2560 quelibet
359 2495 418 2544 redu
428 2511 545 2552 ιιιιιιιιις
562 2510 605 2557 ego
615 2493 711 2557 aliquid,
723 2508 770 2540 non

99 2560 178 2612 multo
191 2568 278 2621 temen,
296 2559 374 2617 ultius,
392 2560 417 2610 in
429 2574 477 2637 quo
489 2575 542 2608 mes
604 2561 635 2606 ba
645 2573 690 2606 non
702 2557 770 2615 sidat

10 2645 12 2652 ¹
97 2625 224 2674 inveniam.
241 2626 327 2700 Neque
337 2624 408 2686 euim,
422 2623 556 2674 utenuiore
583 2637 651 2672 ecco
662 2620 772 2688 pressiora

101 2687 180 2739 Greci
190 2690 283 2752 melius,
296 2705 321 2740 ιιι
329 2705 401 2755 eoque
408 2690 522 2744 ιιιιιίιιιιιι
533 2689 592 2748 solo,
608 2695 631 2736 ct
640 2687 691 2736 ideo
701 2685 726 2734 in
736 2699 764 2734 oo
