1868 2942
250 87 379 138 INSTIT.
397 85 551 136 ORATOR.
569 87 646 138 vm.
661 89 686 138 3.
774 91 806 146 67

129 217 234 266 Mesua
255 217 347 280 primus
368 223 469 278 teutone,
491 219 657 266 munerarium
677 217 802 284 Augustus

127 283 227 344 primus,
243 282 358 330 dixerunt.
382 283 518 330 Piratitam
532 283 633 346 quoique,
644 291 672 330 ut
686 286 801 333 musicam

127 356 152 395 et
156 349 288 410 fabricem,
299 347 344 394 diei
354 346 430 394 sdhuc
440 347 578 421 dubitsbont
587 347 800 460 nntssprmepm

126 414 256 469 Fautorem,
268 413 426 470 sturionum,
438 411 518 460 Croeso
528 426 589 459 nove
659 423 676 459 t.
700 413 766 462 Nem
776 423 801 462 et

126 475 153 523 in
171 475 268 542 epistoli
282 475 314 540 sd
328 475 440 534 Brutum,
457 478 533 534 Eum,
549 476 634 539 inquit,
651 492 764 538 morem,
779 486 802 527 et

128 556 184 588 eum
195 545 232 594 (ot
242 541 285 586 hoo
297 542 365 587 verbo
380 547 445 597 utor)
450 542 575 602 favorem,
585 543 611 588 in
622 543 747 589 consilium
757 545 800 590 ud-

130 606 221 652 vooaoo.
246 604 280 652 Et
296 603 327 651 sd
340 603 449 666 Appium
461 604 600 663 Pulchrum,
619 607 661 664 Te,
672 607 799 668 homiuem

128 683 177 717 non
195 670 270 716 solum
287 671 425 730 sapientem,
441 682 524 714 oerum
540 669 611 715 etiam
628 671 667 732 (ut
687 686 749 718 nuos
766 674 800 720 lo·

129 731 247 796 quantur)
256 734 382 780 urbanum·
402 731 469 779 Idem
477 739 567 796 putato
576 732 687 780 Teratsia
696 734 800 798 primum

127 799 217 846 dietum
228 812 277 846 esse
287 798 428 858 obsequium.
454 795 561 846 oenum
571 795 601 844 sd
611 797 743 860 Sisennam,
754 801 800 848 At-

127 864 192 910 tenti
210 863 272 909 coelo·
300 863 421 909 vervicem
439 860 529 908 videtur
551 861 690 910 Hortensius
710 863 801 926 primos

129 926 230 974 dixisse:
242 940 298 973 nem
308 933 393 973 veteres
402 924 523 988 pluraliter
532 925 686 988 appellebant.
702 928 801 977 Audu-

42 993 44 998 ’
128 990 285 1054 domitoque.
309 988 645 1053 NequeenimecoedoCelso,
657 992 698 1054 qui
709 994 800 1042 ebore.

128 1063 180 1102 tore
190 1057 259 1102 verbs
273 1053 408 1116 fingivetst
433 1054 508 1112 Nem,
525 1068 579 1102 eum
597 1055 643 1102 sint
659 1071 739 1104 eorum
755 1059 802 1108 stis

129 1123 168 1172 (ut
178 1118 233 1168 dicit
244 1118 334 1178 ciero)
345 1121 436 1177 nativa,
447 1117 472 1167 id
486 1127 528 1177 est,
540 1133 592 1180 quoe
601 1122 735 1182 significata
745 1132 801 1172 sunt

123 1187 208 1246 primo
214 1199 282 1232 sensu
292 1201 300 1240 ,·
317 1183 363 1230 alis
373 1189 474 1245 reperta,
482 1183 612 1246 quseexhis
622 1183 682 1231 fsots
692 1195 762 1242 suute
774 1196 802 1236 ut

125 1249 178 1310 Jsm
188 1249 255 1296 nobis
282 1263 350 1296 onere
359 1247 414 1308 slis,
426 1263 497 1312 quem
508 1263 561 1311 quae
573 1247 608 1294 illi
619 1247 687 1296 mdes
697 1248 802 1301 homines

128 1312 246 1376 primique
266 1320 366 1372 recerunt,
378 1312 414 1359 fes
424 1327 470 1358 non
482 1311 519 1371 sit,
531 1321 556 1360 st
567 1313 683 1374 derivare,
694 1317 799 1377 flectere,

129 1380 278 1439 conjungere,
287 1377 350 1440 quod
360 1377 420 1424 netis
430 1383 509 1440 postes
519 1391 650 1425 contessum
658 1387 700 1437 est,
708 1380 802 1442 quondo

129 1440 197 1488 desiit
208 1441 294 1488 licere?
310 1441 352 1500 Et,
367 1441 387 1488 si
401 1440 457 1504 quid
472 1441 620 1504 periculosius
634 1441 728 1492 unxisse
739 1445 801 1494 vide-

82 1559 86 1564 ,
127 1504 217 1565 bimur,
229 1505 367 1568 quibusdum
378 1505 484 1553 remediis
498 1506 697 1568 praemuniendum
709 1517 751 1567 est,
767 1512 801 1558 Ut

130 1572 166 1617 ito
178 1571 282 1625 utram
299 1570 325 1616 St
342 1572 396 1618 licet
414 1571 507 1626 disere,-
528 1570 718 1626 Quotnmmoso‚·
737 1575 799 1620 Per·

128 1636 219 1682 mittite
229 1636 289 1681 mihi
300 1637 334 1681 sio
345 1637 390 1682 uti.
416 1634 488 1692 Quod
501 1633 573 1692 idem,
585 1634 654 1681 etism
668 1636 692 1681 in
707 1635 735 1684 iis
747 1653 799 1700 que

127 1699 236 1748 licentius
244 1699 354 1747 translata
364 1706 440 1756 erunt,
452 1697 561 1762 proderit,
572 1713 624 1762 quus
635 1713 682 1746 non
693 1707 744 1748 tuto
754 1701 800 1752 diei

126 1771 233 1827 possunt.
251 1764 280 1811 In
292 1779 339 1828 quo
349 1778 396 1810 non
407 1763 457 1810 falli
465 1762 583 1824 juditium'
591 1772 704 1823 nostrum,
716 1765 801 1814 sollici-

127 1827 210 1876 tudine
226 1827 277 1890 ipsi
294 1827 443 1875 menifestum
460 1827 508 1875 erit.
533 1826 589 1886 Qut
603 1827 632 1876 de
648 1830 673 1876 ιε’
690 1829 799 1880 Graeeum

127 1891 172 1940 erit
181 1891 242 1939 illud
252 1892 457 1955 elegantissimum,
468 1908 516 1955 quo
522 1891 653 1956 precipitur
661 1893 702 1954 ite,
711 1913 801 1957 προεπι-

127 1965 241 2009 πλησσειν
259 1957 418 2022 τῃ“ὖπερθολῃ.
447 1958 574 2016 Translata
592 1959 692 2020 probari,
712 1959 757 2007 niti
774 1960 800 2009 ln

125 2027 239 2068 -eontextu
251 2021 369 2079 semisonis,
381 2035 428 2067 non
439 2029 543 2084 possunt.
564 2021 649 2085 Itaque
659 2023 688 2070 de
702 2023 801 2086 singulis

126 2084 205 2132 serbis
215 2085 269 2132 setis
279 2085 376 2144 ucmm,
386 2100 439 2147 quae
450 2086 489 2149 (ut
499 2086 545 2132 aiio
554 2083 605 2132 loco
615 2086 715 2146 ostendi)
727 2102 768 2148 per
776 2103 801 2137 se

127 2147 219 2196 nullum
230 2150 338 2198 virtutem
349 2149 442 2196 habent.
466 2149 513 2198 Sed
523 2165 552 2196 ne
566 2149 672 2197 inornate
682 2159 737 2198 sunt
747 2152 801 2213 qui·

126 2213 191 2270 dem,
203 2213 247 2262 nisi
258 2229 312 2262 oum
322 2226 378 2260 sunt
387 2213 448 2261 inira
457 2213 499 2273 rei,
507 2213 536 2261 de
546 2214 594 2277 qui.
603 2214 746 2288 loquendum
756 2225 799 2278 est,

126 2277 281 2341 dignitatem
299 2287 402 2341 excepto,
420 2278 439 2324 si
456 2281 562 2326 obscoens
580 2277 649 2326 nudis
666 2278 801 2330 nominibus

125 2342 284 2390 enuntientur.
310 2342 382 2401 Quod
399 2342 506 2401 viderint,
524 2342 566 2406 qui
584 2357 631 2390 non
649 2351 733 2406 putant
752 2360 801 2396 esse

101 2430 104 2434 ·
125 2406 229 2467 vitsnds,
241 2408 297 2471 quis
306 2421 349 2454 nec
364 2407 394 2454 sit
404 2421 450 2454 vox
466 2407 515 2454 ulls
530 2405 614 2454 netum
629 2407 719 2471 turpis;
738 2411 801 2470 essi

126 2487 175 2534 que
186 2480 220 2520 est
231 2473 265 2520 rei
274 2471 470 2532 deformites‚'ulii
478 2487 571 2535 quoque
580 2472 733 2534 appellatione
744 2474 803 2536 qui-

126 2551 227 2599 cumque
242 2537 272 2586 ad
288 2536 431 2585 intellectum
446 2535 555 2584 eumdem
569 2535 642 2585 nihilo
659 2537 738 2584 minus
749 2552 802 2600 per·
