1808 2938
150 85 200 134 ³16
268 83 397 134 INSTIT.
414 81 569 134 ORATOR.
586 80 651 132 XII.
671 81 713 132 10.
812 100 814 109 ·

151 212 301 278 nuruumque
311 213 358 262 illis
368 212 467 276 legibus,
478 212 652 276 insequebnnrr.
685 213 764 262 Unde
775 227 835 261 nune

152 293 245 342 quoque
255 277 321 338 aridi,
329 285 352 325 et
362 277 462 336 exsueei,
469 285 493 324 et
500 291 637 339 exsangues,
649 277 689 336 (hi
697 278 833 336 sumerum,

152 342 194 406 qui
204 358 252 390 sue
262 342 414 390 imbecillitati
421 341 525 388 sanitatis
533 341 731 404 appellationem,
741 359 797 407 qun
805 351 835 389 et

152 407 255 455 maxime
272 407 392 465 eontrarin,
412 404 549 466 obtendant)
567 406 623 469 quie
643 405 773 455 clariorem
791 405 834 453 rin

153 470 298 534 eloquentia,
314 471 378 518 velut
392 471 473 529 solem,
487 471 545 518 ferre
557 484 605 517 non
620 481 737 534 posunt,
754 470 834 519 umer

151 535 233 597 magni
249 535 349 583 nominis
362 535 514 582 delitescunt:
531 535 616 598 quibus
629 535 690 598 quie
708 537 798 596 muln,
815 543 835 581 et

152 598 259 712 pluribus
269 599 333 659 loeis,
349 599 430 648 Cicero
444 599 493 662 ipse
505 597 630 662 respondit,
646 599 727 647 tutior
740 601 801 648 mihi
809 599 834 646 de

169 678 196 712 oc
206 663 330 712 disnermi
339 663 438 712 brevitas
448 663 499 711 erit.

184 727 218 774 Et
228 729 323 792 entique
333 728 427 792 quidem
438 728 479 776 ille
489 727 569 775 divisio
577 726 638 774 inter
646 727 762 776 Atianos
769 738 833 792 etque

153 793 246 841 Atticos
260 793 313 852 luit,
325 807 379 840 cum
391 792 417 840 hi
430 793 503 856 pressi
515 801 539 840 et
554 791 649 854 integri,
664 803 753 842 oontre
765 793 832 842 inflati

152 857 188 904 illi
199 856 475 916 etinnnes,heberentur;
493 855 663 905 etinhisnihil
671 859 832 920 superflueret,

152 921 199 968 illis
207 922 322 982 judicium
330 921 432 970 maxime
442 937 469 969 ec
477 920 560 968 modus
567 921 664 970 deesset.
701 923 780 982 Quod
788 923 833 986 qui-

153 985 216 1044 dem,
234 1001 334 1050 quorum
350 994 373 1034 et
389 988 478 1034 Santra
494 994 537 1044 est,
553 985 597 1032 hoc
612 994 703 1048 putent
720 987 832 1044 aecius,

153 1050 224 1112 quod,
242 1051 354 1114 paulatim
370 1065 474 1098 sermone
488 1051 570 1098 Graeeo
587 1049 613 1096 in
630 1049 761 1112 proximas
777 1052 833 1098 Asin

153 1113 255 1163 civitates
268 1115 386 1175 influente,
402 1115 511 1162 nondum*
521 1114 576 1162 setis
589 1113 660 1176 periti
673 1115 793 1178 loquendi
803 1115 834 1162 fr·

153 1179 262 1228 cundiam
272 1179 441 1242 concupierint:
458 1179 555 1242 ideoque
566 1193 601 1236 ee,
613 1193 669 1240 quae
683 1182 784 1243 proprie
793 1181 833 1242 sig-

154 1243 205 1290 nari
215 1253 328 1307 poterant,
343 1244 440 1292 eirorrstu
450 1243 558 1308 eoeperint
568 1242 701 1302 enuntiare,
715 1259 747 1292 ae
757 1243 832 1293 deinde

154 1307 179 1354 in
193 1324 221 1355 eo
230 1307 401 1370 perseverirint
435 1307 498 1356 Mihi
512 1316 590 1354 eutem
600 1306 717 1355 orationis
732 1309 834 1357 differet·

155 1371 212 1420 uam
227 1373 305 1421 iecisse
318 1383 341 1422 et
355 1373 482 1422 dicentium
494 1380 517 1420 et
531 1370 679 1418 audientium
692 1381 791 1422 nemrae
804 1373 833 1420 ri·

155 1435 247 1497 dentur,
259 1438 322 1501 quod
332 1437 418 1496 Attici,
429 1437 505 1484 limati
515 1435 609 1499 quidem
618 1444 642 1482 et
653 1439 774 1498 emuncti,
781 1437 833 1486 nibil

155 1500 224 1550 inane
237 1511 279 1549 aut
292 1501 422 1550 redundans
435 1502 554 1560 ferebant3
572 1499 667 1547 Asiana
680 1516 754 1564 gens,
769 1502 834 1550 tumi-

156 1565 207 1614 dior
245 1567 250 1578 '
281 1567 323 1614 uin
334 1576 404 1630 atque
414 1565 544 1629 jactantior,
556 1563 649 1614 vaniore
660 1565 738 1613 etiam
749 1566 834 1615 diemdi

157 1630 265 1693 gloriiin
297 1640 372 1679 tuest

195 1695 302 1746 Tertium
323 1711 388 1753 mox,
408 1696 449 1760 qui
467 1695 517 1744 hee
534 1694 678 1755 dividebant,
699 1695 834 1758 adjoeerunt

154 1774 230 1820 geone
242 1761 380 1818 Rhodium
401 1760 463 1823 quod
473 1761 537 1809 velut
546 1759 651 1808 medium
663 1775 715 1808 esse
727 1771 801 1824 etque
810 1775 835 1808 ex

156 1831 255 1886 utroque
263 1825 364 1872 mixtum
372 1825 460 1874 volunt.
492 1825 577 1888 Neque
586 1823 649 1872 enim
659 1824 748 1873 Attice
760 1825 834 1889 prm}

156 1889 580 2014 tuissent
620 1954 835 2010 n,
884 1937 885 1953 ψ

158 2017 200 2082 qui
216 1968 373 2066 huncgeexnsilio
389 1969 503 2080 ddegeret
515 2018 602 2074 locum,
614 2017 696 2064 intulit
716 2035 747 2066 eo
764 2017 836 2066 studit

158 2082 312 2139 Athenarum,
323 2099 384 2147 quae,
398 2082 461 2131 velut
475 2091 524 2130 sete
534 2080 641 2146 quiedam
654 2081 715 2144 eoelo
732 2083 836 2146 terrisque

158 2145 305 2208 degenerent,
321 2162 425 2209 saporem
439 2147 507 2195 illum
520 2147 627 2194 Atticum
643 2148 773 2209 peregrino
785 2147 836 2194 mis·

159 2221 262 2258 ouerunt
296 2212 366 2260 lenti
382 2225 436 2274 ergo
450 2212 545 2275 quidem
561 2226 588 2261 ac
603 2210 702 2269 remissi,
724 2227 776 2262 non
793 2212 836 2259 sine

158 2275 259 2338 pondere
273 2285 365 2323 temen:
389 2291 464 2339 neque
480 2276 583 2324 fontibus
599 2274 674 2337 puris,
694 2291 778 2339 neque
794 2286 836 2323 tor·
881 2331 882 2334 Ἴ

158 2339 262 2390 rentibus
273 2339 378 2398 turbidis,
390 2341 430 2388 sed
439 2341 531 2387 lenibus
541 2338 636 2401 singnis,
648 2338 741 2387 similes
752 2340 835 2387 buben·
881 2337 882 2352 ³

160 2407 205 2444 tur.
239 2402 316 2449 Nemo
328 2403 399 2464 igitur
411 2403 558 2461 dubitaverit,
573 2403 641 2465 longe
655 2417 705 2450 esse
721 2405 837 2468 optimum

159 2475 233 2520 genus
244 2464 390 2512 Atticorum:
408 2467 432 2512 in
448 2481 495 2530 quo
507 2474 534 2514 ut
548 2475 583 2516 est
597 2467 688 2529 aliquid
700 2467 768 2516 inter
781 2469 838 2532 ipn

161 2537 292 2582 commune,
302 2526 328 2574 id
338 2536 380 2588 est,
390 2529 505 2589 Judieium
518 2545 577 2590 nere,
589 2539 728 2595 tersumque
738 2549 748 2590 ς
765 2533 799 2580 ite
807 2533 840 2579 in-

160 2585 281 2644 geniorum
299 2589 407 2661 plurime
423 2592 511 2668 forme.
544 2595 642 2658 Quepro
658 2603 695 2642 ter
714 2596 779 2644 milri
795 2595 840 2644 nui
880 2625 881 2635 2

161 2647 263 2695 multum
285 2651 400 2717 mint,
418 2671 460 2720 qm
479 2660 541 2708 solos
560 2673 610 2708 esse
654 2662 728 2709 telem
752 2661 843 2712 credun
