1868 2942
134 101 167 148 28
260 97 389 148 INSTIT.
406 98 563 149 ORATOR.
581 97 642 149 vn.
659 99 683 148 3·

135 234 159 276 et
168 227 199 276 ed
209 241 299 276 morem
309 227 482 276 dialecticorum
489 227 597 287 formem,
607 228 733 289 conclusio,
743 236 773 276 ut
783 229 810 276 in

135 291 329 354 disputationibus
340 293 418 356 potius
430 309 472 356 per
484 301 622 356 argumenta
633 295 758 342 verborum
771 309 817 341 ‹trs-¹

134 357 246 414 villstrix,
263 373 336 422 quern
352 357 377 405 in
393 357 488 406 oratoris
504 357 579 405 officio
592 358 696 406 multum
709 359 812 406 eflsnrra

135 422 255 470 momenti.
279 422 346 470 Licet
356 422 419 470 enim
430 422 506 470 velent
517 422 542 469 id
553 435 658 471 sermone
668 431 770 484 tuntum,
784 431 812 470 ut

135 487 284 535 constrictum
295 487 319 534 in
331 487 430 536 vinculis
440 487 488 534 suis
498 487 582 535 hebeet
591 503 654 548 eum,
663 489 705 552 qui
713 501 811 552 respon-

136 565 205 599 surus
216 561 258 612 est,
274 561 298 601 et
308 553 345 601 v'el
355 561 437 612 tacere,
451 552 490 599 vel
501 552 570 600 etiem
584 552 685 601 invitum
699 551 732 613 iu,
745 553 811 616 quod

136 615 167 664 sit
177 625 265 677 contra,
281 626 348 680 coget
361 617 443 673 fateri3
461 630 508 664 non
523 617 603 664 ecdem
617 625 652 665 eet
664 627 743 666 tamen
758 619 810 679 ejus

136 680 162 728 irr
176 681 251 730 causis
268 683 363 730 utilitas.
388 681 579 730 Peruredendum
593 681 655 730 enim
670 682 745 744 judici
759 691 810 741 est;

137 744 187 810 qui,
199 747 299 795 etiarnsi
310 745 386 795 verbis
401 745 521 794 devinctus
537 754 581 807 est,
598 755 686 806 tamen,
703 747 749 795 nisi
764 747 811 811 ἱρά

136 810 171 858 rei
187 812 315 869 secesserit,
332 811 416 858 tacitus
434 811 559 859 disoentiet
582 811 672 874 Agenti
689 823 813 876 veroque

136 882 202 924 tauta
212 883 246 924 est
256 876 328 938 hujus
340 875 440 939 praeoisre
450 875 659 940 comprehensionis
669 876 809 925 necessitas?

136 939 188 997 An,
208 941 228 988 si
246 955 294 988 non
312 941 400 1000 dixero,
423 942 504 988 Homo
521 947 555 988 ert
572 943 664 988 ratmot
684 943 809 997 rationale,

136 1007 243 1066 mortale,
256 1020 303 1054 non
314 1014 402 1070 potero,
415 1005 524 1070 expositis
536 1014 571 1053 tot
581 1005 680 1069 corporis
690 1006 812 1070 animique·

136 1069 322 1133 proprietatibus,
333 1071 403 1118 letius
410 1071 512 1118 oratione
522 1070 600 1130 ducti,
610 1071 647 1119 vel
657 1070 734 1118 aDiis
744 1085 810 1132 eum,

137 1134 175 1182 rel
185 1151 199 1182 a
209 1135 290 1195 mutis,
301 1135 443 1184 discernere?
468 1135 543 1195 Quid,
555 1135 618 1200 quod
627 1151 671 1184 nec
680 1149 729 1183 uno
738 1135 812 1184 modo

136 1198 246 1248 definitur
256 1216 292 1249 res
303 1200 391 1259 eadem,
403 1208 431 1248 ut
441 1200 496 1248 fucit
506 1200 594 1260 Cicero,
608 1197 677 1264 [quid
688 1201 751 1248 enim
758 1201 813 1248 vul·

137 1279 168 1328 go
186 1265 303 1313 universos
311 1265 333 1331 i]
355 1266 395 1314 sed
414 1265 495 1313 latiore
516 1265 625 1329 varioque
644 1267 763 1313 tractatu?
783 1274 813 1314 ut

137 1331 586 1394 omnesorstoresplerumquefecerunt
608 1330 736 1378 Rarissimu
747 1330 812 1378 enim

137 1393 202 1456 apud
219 1409 257 1442 eos
274 1395 400 1458 reperietur
416 1395 458 1442 ins
474 1411 504 1444 ex
521 1395 687 1442 consuetudine
707 1395 813 1458 philoso-

137 1459 239 1522 phorum
251 1459 321 1508 ducta
337 1459 435 1508 servitus
449 1462 494 1514 (est
506 1460 568 1507 enim
583 1469 644 1508 certe
657 1461 767 1520 seruitus)
781 1460 813 1508 ed

138 1531 200 1571 certa
217 1539 241 1572 se
256 1527 326 1572 verbe
342 1524 507 1588 adeningendi.
534 1524 611 1588 quue
627 1523 770 1584 faciendum,
785 1523 813 1572 in

137 1587 203 1637 libris
225 1589 342 1638 Ciceronis
363 1591 391 1637 de
415 1591 525 1649 Oratore,
545 1597 608 1637 vetat
625 1590 663 1637 M.
681 1589 811 1638 Antonius.

138 1653 204 1702 Nom
217 1654 334 1704 ceretium
348 1654 512 1718 periculosum,
528 1669 591 1712 cunr,
609 1654 628 1702 si
642 1669 691 1701 uno
703 1653 728 1701 in
741 1655 813 1702 verbo

138 1718 169 1768 sit
185 1729 296 1778 erratum,
316 1719 366 1767 totd
383 1719 453 1767 muse
470 1719 576 1768 cecidisse
592 1719 728 1766 videamurr
751 1718 813 1782 opti-

31 1811 37 1819 ·
137 1799 224 1895 egoque
240 1792 275 1832 est
289 1785 331 1832 ills
346 1784 424 1831 medie
439 1783 486 1842 via,
503 1783 552 1847 qud
568 1783 642 1830 utitur
661 1784 750 1860 Cicero,
768 1797 813 1848 pro

64 1897 67 1904 ,
160 1848 241 1908 aecrnd,
257 1859 284 1896 ut
296 1863 332 1896 res
345 1855 495 1911 proponatur,
507 1849 576 1896 verbe
588 1863 635 1894 non
645 1849 812 1911 periclitentur.

138 1914 245 1974 Etenim,
258 1919 441 1975 recuperatores,
455 1927 502 1959 aaa
513 1927 540 1959 ea
551 1915 599 1960 sola
611 1915 647 1959 vts
658 1919 701 1972 est,
717 1927 770 1974 ques
781 1909 813 1960 ad

138 1991 224 2040 eorpus
234 1985 344 2026 aortrom
354 1980 474 2040 vitamque
480 1979 598 2038 peruenit,
610 1978 649 2024 sed
657 1979 729 2026 ntum
737 1979 813 2026 mutto

138 2046 216 2106 arajor
226 2058 262 2103 ea,
274 2059 334 2106 qua,
348 2045 456 2105 periculo
472 2044 557 2090 mortte
573 2044 667 2106 trejecto,
677 2043 815 2105 formidine

137 2110 246 2156 animum
252 2112 412 2172 perterritam
422 2110 470 2156 roco
481 2121 542 2170 sape
552 2115 575 2156 et
585 2113 648 2154 carto
659 2109 687 2154 de
697 2114 761 2154 stata
772 2109 813 2154 de·

138 2181 223 2222 auocet.
245 2175 307 2235 Aut,
319 2189 374 2222 cum
385 2173 514 2222 finitionem
526 2173 634 2236 precedit
650 2171 765 2234 probatio,
775 2181 813 2232 nt,

138 2238 163 2285 in
171 2239 317 2304 Philippicis,
325 2239 406 2288 Cicero
414 2239 521 2288 Servium
531 2236 661 2302 Sulpicium
669 2237 771 2284 occisum
782 2239 814 2285 ab
897 2277 902 2284 .

138 2303 245 2352 Antonio
255 2305 359 2368 colligit;
377 2312 400 2353 et
409 2304 435 2352 in
445 2301 549 2353 clausule
561 2303 657 2351 demum
668 2301 773 2361 ita'finit,
785 2303 815 2349 Is

139 2371 161 2416 ei
173 2371 281 2434 protecto
294 2377 394 2419 mortem
407 2371 497 2428 attadt,
512 2371 553 2431 qai
568 2383 638 2415 caasa
654 2369 739 2414 mortis
749 2367 815 2430 suit.

139 2434 196 2481 Non
213 2435 347 2498 negaverim
369 2445 448 2484 nemen
469 2433 519 2482 heo
538 2447 637 2497 quoque,
660 2439 688 2478 ut
706 2430 815 2494 expediet

138 2512 222 2559 musar,
237 2515 285 2548 esse
299 2501 420 2560 indeed„
443 2506 474 2560 st,
486 2497 508 2546 si
522 2497 617 2560 quando
629 2495 697 2542 firma
709 2509 816 2558 compre-

138 2561 210 2612 hendi
226 2566 318 2630 poterit,
336 2579 360 2615 et
374 2565 440 2615 brevi
452 2562 577 2626 complexu
592 2562 714 2608 verborum
730 2558 814 2617 finitio,

138 2642 191 2703 esse
197 2630 223 2678 id
231 2639 283 2680 turn
292 2632 395 2696 elegans,
405 2639 457 2680 tum
465 2628 536 2684 etiam
543 2625 704 2683 sorduimum,
716 2622 816 2672 simodo
