1858 2946
138 73 170 133 co
258 85 389 137 msrm.
405 85 563 135 onsron.
579 53 658 136 'vnn
675 88 699 135 c.

140 228 213 278 coque
226 213 305 275 diana
322 215 386 279 quod
394 215 438 264 ills
450 211 596 280 comparauit
610 215 652 276 rei,
663 215 737 280 quam
748 218 820 266 volu·

140 293 194 326 mus
200 279 337 344 exprimere,
348 280 398 328 haec
408 295 451 344 pro
461 281 513 344 ipsa
520 297 546 328 re
553 280 644 328 dicitur.
662 281 821 344 Comparatio

140 351 183 402 est,
202 359 256 392 curn
273 344 325 393 dico
341 345 421 393 fecisse
439 345 497 408 quid
513 345 642 404 hominem,
662 353 691 393 ot
707 347 817 404 leonton,-

140 409 269 470 translatio,
286 425 340 458 oum
353 409 404 458 dico
417 410 446 458 de
456 409 559 468 homine,
574 412 608 457 leo
619 418 661 458 ert.
687 412 769 473 Hujus
781 413 819 461 vis

140 472 217 520 omnis
232 474 377 538 quadruplex
395 473 498 522 maxime
513 475 618 522 videtur:
637 490 691 523 cum
704 476 729 522 in
744 479 817 526 rebus

141 537 280 587 animalibus
291 539 356 587 aliud
365 555 409 602 pro
419 539 465 586 alio
475 539 577 603 ponitur,
588 548 616 587 nt
626 539 656 587 de
666 540 789 603 agitatore,

174 661 245 677 ......
254 631 402 692 gubernator
413 627 504 691 rengno
517 630 631 677 contorsit
641 644 728 692 equum
740 632 782 678 vi:

140 742 172 797 et,
189 743 217 783 ut
239 734 330 794 Iovios,
347 734 479 798 Scipionem
494 751 510 783 a
528 734 745 785 Catone'ollatrari
761 738 819 787 soli·

141 809 203 859 mm,
214 799 290 848 refert.
312 799 422 847 Inanima
434 815 477 863 pro
489 800 541 848 aliis
555 800 645 864 generis
657 801 763 864 ejusdem
774 819 817 852 su-

141 873 248 923 muntur,
264 873 299 924 ut,
315 865 438 926 curetque
451 867 562 914 immittit
576 867 695 922 bobeoorc
715 876 758 915 aut
772 884 818 932 pro

142 931 211 976 rebus
227 928 367 976 animalibus
378 929 491 988 inanima,
502 933 581 978 Ferro
593 945 625 977 on
634 932 690 994 fato
708 930 816 999 [vinu]

142 991 269 1055 Argivom
279 995 380 1040 occidit:
397 1003 438 1042 aut
448 1003 535 1055 contra,

192 1115 480 1133 ....................
487 1086 549 1132 redet
560 1087 657 1146 inscius,
669 1087 717 1134 olto

193 1149 320 1211 Accipient
330 1151 434 1198 sonitum
444 1151 497 1196 aaot'
508 1151 536 1198 de
547 1153 642 1211 vertice,
650 1158 751 1214 pacior.-

206 1245 306 1320 ’pueque
316 1260 346 1292 ex
356 1245 393 1292 his
405 1244 477 1293 oritur
487 1244 547 1294 mira
557 1246 697 1308 sublimitas,
711 1264 766 1312 qua
777 1265 822 1297 au·

188 1311 193 1322 ¹
205 1324 312 1374 proxime
322 1309 451 1372 perimlum
465 1310 615 1360 tramlotione
624 1313 747 1374 tolluntur,
763 1329 820 1362 cum

145 1377 213 1422 rebus
229 1389 297 1422 sensu
313 1374 443 1423 carentibus
458 1383 537 1423 actum
550 1375 678 1440 quemdam
692 1386 716 1426 et
726 1378 819 1427 animos

145 1439 237 1500 demus,
249 1437 325 1502 qualis
336 1447 378 1499 est,

282 1538 385 1585 Pontem
396 1537 535 1599 intimatus
546 1537 657 1598 flocces,¹

146 1641 170 1680 et
179 1631 221 1679 illa
231 1631 356 1692 Ciceronis,
376 1631 441 1688 Qum
455 1633 518 1678 enim
530 1638 586 1680 tuuc
597 1634 645 1692 illc,
661 1633 762 1692 Tubero,
778 1635 818 1682 dc-
835 1641 837 1648 “

144 1700 243 1746 strictus
254 1699 281 1744 io
291 1699 341 1744 octe
353 1695 495 1744 Pharsalica
503 1698 601 1758 gladius
611 1699 713 1759 agebat?
739 1700 817 1762 Cujus

146 1764 208 1810 latua
219 1763 259 1809 ille
269 1775 352 1808 mucro
358 1761 470 1822 petebat?
487 1763 528 1821 qui
537 1778 618 1810 cemus
629 1769 680 1810 crat
691 1778 817 1811 orreorum

145 1827 262 1901 tuorum?
279 1824 420 1889 Duplicatur
432 1824 525 1873 interim
537 1827 587 1876 haec
599 1827 672 1876 virtus
684 1828 749 1894 apud
759 1828 817 1878 vir-

145 1891 238 1954 gnum,

243 2009 315 2027 ......
328 1981 479 2041 Ferromqoe
488 1987 584 2027 aromrc
596 1995 688 2028 veneno.

146 2087 211 2135 Nam
220 2093 243 2134 et
251 2098 337 2133 venereo
349 2100 454 2145 armore,
465 2086 593 2156 etsorrum
603 2102 707 2146 aromre,
719 2089 819 2137 nanda

146 2152 178 2200 tio
190 2160 232 2199 cst.
254 2151 366 2198 Secantur
380 2149 430 2198 hoc
443 2150 468 2196 in
483 2150 577 2214 pluresr
595 2159 652 2199 uta
665 2152 772 2201 rationali
787 2153 819 2202 ad

144 2215 264 2274 rationale,
276 2224 299 2262 et
309 2215 372 2263 idem
382 2214 412 2262 de
422 2215 600 2276 irrationalibus,
612 2225 636 2264 ct
647 2217 697 2265 haec
707 2218 817 2279 invicem,

145 2282 231 2346 quibus
242 2280 324 2328 sunilis
334 2280 392 2328 ratio
402 2290 444 2340 est,
457 2289 480 2328 et
490 2296 504 2327 a
515 2289 571 2340 toto,
583 2290 606 2329 et
616 2297 631 2328 a
640 2282 753 2345 partibus.
771 2283 819 2332 Sed

143 2347 194 2408 jam
216 2360 263 2392 non
284 2347 362 2407 pueris
379 2345 535 2409 pracipimus,
557 2358 593 2405 ut,
613 2355 707 2408 accepto
725 2363 818 2410 genere,

145 2409 231 2473 species
247 2409 374 2474 intelligere
387 2425 435 2457 non
450 2409 547 2473 possint.
575 2412 610 2458 Ut
621 2411 727 2458 modicus
740 2421 820 2474 autem

145 2483 216 2536 atque
226 2483 370 2537 opportunus
383 2475 433 2536 ejus
447 2489 503 2522 usus
513 2473 614 2522 illustrat
624 2477 769 2532 orationem
787 2477 822 2524 its

145 2537 253 2601 frequens
268 2547 291 2586 et
307 2542 421 2599 obsmrot,
437 2548 460 2586 et
479 2538 547 2586 taedio
561 2540 677 2603 complet:
696 2539 821 2589 continuus

147 2617 200 2652 vero
211 2603 236 2652 in
246 2605 384 2667 allegoriam
395 2611 418 2654 et
428 2605 559 2665 aenigmata
569 2604 624 2654 exit.
642 2605 704 2654 Sunt
711 2605 821 2669 quadarn
