1808 2938
208 111 337 168 INSTIT.
354 113 510 167 ORATOR·
526 115 587 166 XII.
607 115 629 164 l.
698 113 768 168 ’289Ι

81 245 176 358 ppnlms
197 251 275 296 mente
296 247 453 312 complexum,
472 247 554 296 dotum
572 247 666 295 tandem
688 250 756 298 rebus

119 311 201 371 uronis
219 312 312 376 qualern
331 314 396 360 nulle
413 323 481 360 antee
497 319 598 360 venrstus
616 313 755 376 cognoverit,

81 374 232 438 singularem,
248 377 421 441 perlectumque
431 376 543 440 undique,
558 377 646 440 optime
657 377 759 425 sentien.

82 447 142 498 tem,
155 441 287 505 optimeque
301 441 421 490 dicentem.
440 441 470 488 In
486 442 530 488 hoc
546 450 618 504 quoto
633 457 688 505 pars
704 442 756 504 erit,

81 503 147 566 quod
157 514 198 552 out
209 506 339 554 innocentes
354 508 464 563 tuebitur,
480 514 521 553 sut
534 505 693 568 improborum
709 523 758 556 sce·

81 567 132 615 lere
142 579 277 634 compescet,
290 579 330 618 sut
340 571 365 617 in
376 570 512 634 pecuniariis
522 569 686 634 questionibus
697 572 757 620 veri-

81 631 126 679 tati
137 641 215 680 contre
225 635 365 682 calumniam
376 635 466 682 oderit?
484 635 596 682 Summus
610 635 650 682 ille
660 636 755 698 quidem

81 695 107 743 in
118 696 155 745 his
165 713 258 762 quoque
268 699 374 762 operibus
384 699 463 756 fuerit,
479 698 557 746 sedin
571 699 698 760 majoribus
709 701 756 749 cle·

9 809 10 820 ,
81 759 131 809 rius
142 762 248 818 elucebit,
259 779 313 811 cum
324 765 424 827 regende
431 766 522 811 senatus
531 762 634 822 corollis,
646 773 670 812 et
679 779 755 876 pppu·

9 861 11 888 ,
81 825 137 874 laris
156 841 219 875 error
238 827 268 875 ed
286 827 382 876 meliore
399 827 523 875 ducendus.
551 827 594 875 An
615 843 662 876 nou
717 841 755 878 em

9 933 10 952 ,
81 891 210 953 quemdem
224 891 315 940 videtur
328 891 423 941 fluxius
432 891 556 956 Virgilius,
568 907 647 956 quem,
659 892 685 940 in
696 893 756 942 sedi·

76 953 229 1067 &effigi
239 957 289 1017 jem
299 956 360 1006 feces
374 965 397 1005 et
408 971 467 1006 saxo
478 956 610 1018 joculentis,
625 955 755 1007 moderato·

84 1117 150 1165 Tum
156 1119 247 1180 pictate
251 1135 354 1181 gravem
362 1121 489 1168 acmcrltie
496 1119 590 1182 cifortc
598 1121 678 1166 virum
687 1136 755 1182 quem

82 1181 239 1245 componire,
250 1186 328 1246 silent,
339 1187 482 1247 arrectisque
492 1185 590 1231 curibus
600 1185 701 1232 αᾱειαιιι.

79 1277 205 1327 Habemus
225 1279 297 1342 igitur
313 1287 367 1327 ente
383 1279 462 1327 omnin
481 1281 562 1327 cirum
580 1281 680 1337 borum
702 1287 755 1344 post

78 1343 139 1404 herc,
145 1343 230 1405 adjecit
241 1345 332 1391 dicendi
338 1345 462 1406 peritum:

134 1441 181 1488 Ille
192 1441 255 1501 regit
265 1441 335 1488 dictis
346 1441 446 1502 animos,
458 1446 480 1488 ct
486 1449 583 1504 pectora
594 1445 687 1492 mulcet.

11 1573 12 1576 ι
77 1535 165 1596 Quid?
182 1551 228 1584 non
238 1535 264 1583 in
273 1536 340 1585 bellis
351 1551 444 1600 quoque
454 1537 516 1584 idem
526 1537 566 1586 ille
577 1538 620 1598 vir,
636 1555 707 1603 quem
718 1539 754 1586 in·

74 1601 208 1660 stituimus,
224 1601 284 1648 sirit
296 1601 326 1648 ad
337 1601 445 1664 proelium
462 1601 529 1650 miles
545 1603 705 1662 cohortandus,
723 1618 753 1652 ex

76 1663 163 1714 mediis
177 1665 295 1730 sapientire
308 1665 426 1729 preceptis
440 1666 566 1714 orationem
577 1667 671 1716 trehet?
688 1669 753 1716 Nem

10 1745 12 1748 ·
96 1729 197 1779 uomodo
205 1729 752 1794 pugnamineuntibus,totsimulmetuslsboris,

76 1747 171 1856 doloris,
189 1802 304 1860 postremo
320 1794 400 1842 mortis
415 1794 496 1858 ipsius,
517 1795 650 1856 exciderint,
666 1795 711 1845 nisi
727 1797 751 1844 in

76 1873 158 1908 eorum
169 1861 248 1907 locum
258 1859 340 1922 pistos,
352 1866 375 1906 et
385 1857 504 1920 fortitudo,
519 1867 542 1906 et
552 1860 641 1908 honesti
651 1877 751 1925 presens

11 1965 13 1994 ᾖ
74 1925 157 1986 imago
176 1923 325 1972 successerit?
349 1937 401 1987 quae
420 1931 479 1972 certe
500 1924 584 1972 melius
605 1926 752 1988 persuadebit

74 1989 138 2047 aliis,
159 1988 201 2052 qui
218 1989 283 2052 prius
302 1989 439 2052 mussent
457 1987 508 2036 sibi.
535 1989 616 2037 Prodit
635 1991 698 2038 enirn
716 2007 750 2050 se,

76 2051 208 2116 quemlibet
218 2051 366 2112 custodietur,
376 2052 504 2107 simulatioe
517 2068 559 2102 nec
569 2069 675 2117 unquam
686 2063 750 2102 tonte
824 2077 826 2082 ·

72 2116 282 2180 fiterit'eloquendi
296 2117 401 2174 incultos,
416 2126 444 2164 ut
458 2132 505 2165 nou
518 2118 602 2166 titubet
616 2135 643 2166 ec
655 2119 749 2178 hereat,

75 2181 167 2247 quotics
176 2183 206 2229 ab
214 2181 292 2228 animo
298 2183 367 2229 verbe
374 2181 518 2230 dissentiunt.
534 2182 579 2231 Vir
586 2191 666 2230 sutem
673 2183 751 2232 melus

12 2287 13 2314 ,
75 2245 143 2295 eliud
161 2246 223 2294 dicet
239 2260 329 2294 necesse
344 2253 386 2303 est,
406 2261 478 2310 quom
494 2247 570 2294 sentit.
592 2247 672 2296 Bonos
688 2261 751 2296 nun*-

74 2325 149 2376 quam
159 2310 269 2360 honestus
279 2325 353 2358 sermo
363 2310 461 2370 deficiet,
472 2325 593 2374 nunquam
602 2325 679 2360 rerum
690 2311 752 2377 opti-

33 2385 38 2398 ‘
73 2389 169 2424 marum
180 2378 246 2429 (narn
256 2374 326 2422 iidem
335 2375 403 2424 etism
410 2375 534 2438 prudentes
544 2375 622 2438 erunt)
633 2377 750 2425 intentior

12 2441 13 2490 ζ
76 2457 139 2504 quae,
152 2440 222 2488 etium
233 2439 253 2486 si
263 2439 381 2488 lenociniis
392 2439 501 2488 destituta
511 2439 549 2498 sit,
557 2441 612 2488 setis
619 2449 698 2489 tomen
709 2457 752 2490 ne-

12 2503 13 2556 }
74 2505 130 2553 turi
141 2503 183 2553 suri
193 2512 300 2561 ornaturr
317 2517 359 2553 nec
375 2504 503 2568 quidquem
518 2519 564 2552 non
580 2505 671 2564 (inerte,
687 2505 751 2570 quod

12 2567 13 2570 ’
72 2567 178 2630 honeste,
189 2568 280 2616 dicitur.
298 2568 385 2630 Quare,
393 2570 511 2630 juventus,
520 2569 593 2617 immo
600 2571 676 2618 omnis
686 2579 750 2629 etus,

12 2621 13 2640 ¹
74 2633 233 2698 (nequeenim
241 2641 309 2683 rector
315 2633 428 2683 voluntati
436 2649 512 2682 serunt
519 2641 553 2683 est
563 2643 655 2697 ternpus
662 2635 751 2692 ullum)

112 2709 175 2746 vor.
187 2711 220 2748 11.
579 2701 619 2746 tc
