<?xml version="1.0" encoding="UTF-8"?>
<!DOCTYPE html PUBLIC "-//W3C//DTD XHTML 1.0 Transitional//EN"
    "http://www.w3.org/TR/xhtml1/DTD/xhtml1-transitional.dtd">
<html xmlns="http://www.w3.org/1999/xhtml" xml:lang="en" lang="en">
 <head>
  <title>
</title>
<meta http-equiv="Content-Type" content="text/html;charset=utf-8" />
  <meta name='ocr-system' content='tesseract 3.04.00' />
  <meta name='ocr-capabilities' content='ocr_page ocr_carea ocr_par ocr_line ocrx_word'/>
</head>
<body>
  <div class='ocr_page' id='page_1' title='image "./mfabiiquintilia00caregoog_0293.png"; bbox 0 0 1808 2938; ppageno 0'>
   <div class='ocr_carea' id='block_1_1' title="bbox 147 85 708 142">
    <p class='ocr_par' dir='ltr' id='par_1_1' title="bbox 147 85 708 142">
     <span class='ocr_line' id='line_1_1' title="bbox 147 85 708 142; baseline -0.007 -4"><span class='ocrx_word' id='word_1_1' title='bbox 147 91 195 138; x_wconf 69' lang='lat'>292</span> <span class='ocrx_word' id='word_1_2' title='bbox 272 87 402 142; x_wconf 78' lang='lat' dir='ltr'>INSTlT·</span> <span class='ocrx_word' id='word_1_3' title='bbox 420 85 579 136; x_wconf 83' lang='lat' dir='ltr'><strong>ORATOR.</strong></span> <span class='ocrx_word' id='word_1_4' title='bbox 595 85 659 134; x_wconf 89' lang='lat' dir='ltr'>XII.</span> <span class='ocrx_word' id='word_1_5' title='bbox 678 87 708 134; x_wconf 76' lang='grc'>2.·</span> 
     </span>
    </p>
   </div>
   <div class='ocr_carea' id='block_1_2' title="bbox 95 214 838 2276">
    <p class='ocr_par' dir='ltr' id='par_1_2' title="bbox 121 214 838 1296">
     <span class='ocr_line' id='line_1_2' title="bbox 147 214 838 280; baseline 0 -16"><span class='ocrx_word' id='word_1_6' title='bbox 147 231 202 264; x_wconf 85' lang='lat' dir='ltr'>mur</span> <span class='ocrx_word' id='word_1_7' title='bbox 218 224 268 265; x_wconf 84' lang='lat' dir='ltr'>arte</span> <span class='ocrx_word' id='word_1_8' title='bbox 283 215 383 277; x_wconf 80' lang='lat' dir='ltr'>dicendi,</span> <span class='ocrx_word' id='word_1_9' title='bbox 401 215 464 264; x_wconf 60' lang='lat' dir='ltr'>mnis</span> <span class='ocrx_word' id='word_1_10' title='bbox 477 215 581 280; x_wconf 87' lang='lat' dir='ltr'>quidem,</span> <span class='ocrx_word' id='word_1_11' title='bbox 599 215 641 264; x_wconf 88' lang='lat' dir='ltr'>sed</span> <span class='ocrx_word' id='word_1_12' title='bbox 653 215 728 264; x_wconf 81' lang='lat' dir='ltr'>malis</span> <span class='ocrx_word' id='word_1_13' title='bbox 744 214 838 264; x_wconf 68' lang='lat' dir='ltr'>aalma</span> 
     </span>
     <span class='ocr_line' id='line_1_3' title="bbox 148 280 834 343; baseline -0.004 -11"><span class='ocrx_word' id='word_1_14' title='bbox 148 281 237 332; x_wconf 77' lang='lat' dir='ltr'>simili?</span> <span class='ocrx_word' id='word_1_15' title='bbox 255 281 350 330; x_wconf 83' lang='lat' dir='ltr'>Athos</span> <span class='ocrx_word' id='word_1_16' title='bbox 364 296 434 330; x_wconf 88' lang='lat' dir='ltr'>nemo</span> <span class='ocrx_word' id='word_1_17' title='bbox 451 280 575 338; x_wconf 75' lang='lat' dir='ltr'>dubitabit,</span> <span class='ocrx_word' id='word_1_18' title='bbox 592 280 662 343; x_wconf 89' lang='lat' dir='ltr'>quin,</span> <span class='ocrx_word' id='word_1_19' title='bbox 685 282 707 328; x_wconf 86' lang='lat' dir='ltr'>si</span> <span class='ocrx_word' id='word_1_20' title='bbox 724 289 834 328; x_wconf 70' lang='lat' dir='ltr'>nocentes</span> 
     </span>
     <span class='ocr_line' id='line_1_4' title="bbox 147 344 833 408; baseline -0.006 -14"><span class='ocrx_word' id='word_1_21' title='bbox 147 347 234 394; x_wconf 86' lang='lat' dir='ltr'>mutari</span> <span class='ocrx_word' id='word_1_22' title='bbox 242 346 267 392; x_wconf 91' lang='lat' dir='ltr'>in</span> <span class='ocrx_word' id='word_1_23' title='bbox 278 348 364 394; x_wconf 84' lang='lat' dir='ltr'>bonam</span> <span class='ocrx_word' id='word_1_24' title='bbox 375 353 478 393; x_wconf 84' lang='lat' dir='ltr'><strong>mentem</strong></span> <span class='ocrx_word' id='word_1_25' title='bbox 487 345 565 408; x_wconf 92' lang='lat' dir='ltr'>aliquo</span> <span class='ocrx_word' id='word_1_26' title='bbox 576 344 648 392; x_wconf 91' lang='lat' dir='ltr'>modo</span> <span class='ocrx_word' id='word_1_27' title='bbox 658 345 756 406; x_wconf 78' lang='lat' dir='ltr'><strong>possint</strong></span> <span class='ocrx_word' id='word_1_28' title='bbox 766 345 833 407; x_wconf 77' lang='lat' dir='ltr'>(sistit</span> 
     </span>
     <span class='ocr_line' id='line_1_5' title="bbox 149 409 833 474; baseline -0.003 -16"><span class='ocrx_word' id='word_1_29' title='bbox 149 425 216 474; x_wconf 82' lang='lat' dir='ltr'>posse</span> <span class='ocrx_word' id='word_1_30' title='bbox 225 409 340 458; x_wconf 90' lang='lat' dir='ltr'>interdum</span> <span class='ocrx_word' id='word_1_31' title='bbox 348 409 500 471; x_wconf 70' lang='lat' dir='ltr'>conceditur),</span> <span class='ocrx_word' id='word_1_32' title='bbox 510 409 583 456; x_wconf 87' lang='lat' dir='ltr'>salvos</span> <span class='ocrx_word' id='word_1_33' title='bbox 592 423 642 456; x_wconf 83' lang='lat' dir='ltr'>esse</span> <span class='ocrx_word' id='word_1_34' title='bbox 651 425 693 456; x_wconf 86' lang='lat' dir='ltr'>eos</span> <span class='ocrx_word' id='word_1_35' title='bbox 704 411 833 472; x_wconf 78' lang='lat' dir='ltr'>magisete</span> 
     </span>
     <span class='ocr_line' id='line_1_6' title="bbox 148 473 832 538; baseline 0 -16"><span class='ocrx_word' id='word_1_36' title='bbox 148 475 243 538; x_wconf 73' lang='lat' dir='ltr'>publicis</span> <span class='ocrx_word' id='word_1_37' title='bbox 254 475 293 534; x_wconf 84' lang='lat' dir='ltr'>sit,</span> <span class='ocrx_word' id='word_1_38' title='bbox 308 491 380 538; x_wconf 83' lang='lat' dir='ltr'>quam</span> <span class='ocrx_word' id='word_1_39' title='bbox 392 474 481 536; x_wconf 78' lang='lat' dir='ltr'>puniri·</span> <span class='ocrx_word' id='word_1_40' title='bbox 505 474 531 522; x_wconf 85' lang='lat' dir='ltr'>Si</span> <span class='ocrx_word' id='word_1_41' title='bbox 543 473 634 536; x_wconf 78' lang='lat' dir='ltr'>liqueat</span> <span class='ocrx_word' id='word_1_42' title='bbox 647 473 727 536; x_wconf 85' lang='lat' dir='ltr'>igitur</span> <span class='ocrx_word' id='word_1_43' title='bbox 741 474 832 532; x_wconf 75' lang='lat' dir='ltr'>oranni,</span> 
     </span>
     <span class='ocr_line' id='line_1_7' title="bbox 149 537 833 598; baseline -0.001 -13"><span class='ocrx_word' id='word_1_44' title='bbox 149 539 256 586; x_wconf 84' lang='lat' dir='ltr'>futurum</span> <span class='ocrx_word' id='word_1_45' title='bbox 271 541 360 587; x_wconf 91' lang='lat' dir='ltr'>bonum</span> <span class='ocrx_word' id='word_1_46' title='bbox 374 540 459 598; x_wconf 84' lang='lat' dir='ltr'>virum,</span> <span class='ocrx_word' id='word_1_47' title='bbox 472 538 510 586; x_wconf 84' lang='lat' dir='ltr'>eui</span> <span class='ocrx_word' id='word_1_48' title='bbox 521 553 574 586; x_wconf 80' lang='lat' dir='ltr'>vers</span> <span class='ocrx_word' id='word_1_49' title='bbox 584 538 741 598; x_wconf 69' lang='lat' dir='ltr'>objicientia,</span> <span class='ocrx_word' id='word_1_50' title='bbox 753 553 801 585; x_wconf 89' lang='lat' dir='ltr'>non</span> <span class='ocrx_word' id='word_1_51' title='bbox 811 537 833 584; x_wconf 89' lang='lat' dir='ltr'>id</span> 
     </span>
     <span class='ocr_line' id='line_1_8' title="bbox 150 602 832 665; baseline 0 -15"><span class='ocrx_word' id='word_1_52' title='bbox 150 612 211 665; x_wconf 78' lang='lat' dir='ltr'>aget,</span> <span class='ocrx_word' id='word_1_53' title='bbox 223 613 251 652; x_wconf 92' lang='lat' dir='ltr'>ut</span> <span class='ocrx_word' id='word_1_54' title='bbox 262 605 337 652; x_wconf 76' lang='lat' dir='ltr'>solvus</span> <span class='ocrx_word' id='word_1_55' title='bbox 348 604 396 652; x_wconf 86' lang='lat' dir='ltr'>sit?</span> <span class='ocrx_word' id='word_1_56' title='bbox 414 603 455 650; x_wconf 90' lang='lat' dir='ltr'>Da</span> <span class='ocrx_word' id='word_1_57' title='bbox 465 617 536 662; x_wconf 87' lang='lat' dir='ltr'>nune,</span> <span class='ocrx_word' id='word_1_58' title='bbox 553 610 582 648; x_wconf 94' lang='lat' dir='ltr'>ut</span> <span class='ocrx_word' id='word_1_59' title='bbox 596 602 699 651; x_wconf 84' lang='lat' dir='ltr'>crimine</span> <span class='ocrx_word' id='word_1_60' title='bbox 711 603 832 650; x_wconf 79' lang='lat' dir='ltr'>manifesto</span> 
     </span>
     <span class='ocr_line' id='line_1_9' title="bbox 149 667 834 731; baseline -0.001 -17"><span class='ocrx_word' id='word_1_61' title='bbox 149 677 269 731; x_wconf 82' lang='lat' dir='ltr'>prematur</span> <span class='ocrx_word' id='word_1_62' title='bbox 286 668 336 715; x_wconf 80' lang='lat' dir='ltr'>dux</span> <span class='ocrx_word' id='word_1_63' title='bbox 353 671 433 722; x_wconf 88' lang='lat' dir='ltr'>bonus,</span> <span class='ocrx_word' id='word_1_64' title='bbox 453 677 476 715; x_wconf 83' lang='lat' dir='ltr'>et</span> <span class='ocrx_word' id='word_1_65' title='bbox 493 667 542 716; x_wconf 87' lang='lat' dir='ltr'>sine</span> <span class='ocrx_word' id='word_1_66' title='bbox 559 681 607 730; x_wconf 91' lang='lat' dir='ltr'>quo</span> <span class='ocrx_word' id='word_1_67' title='bbox 625 667 724 716; x_wconf 81' lang='lat' dir='ltr'>vincere</span> <span class='ocrx_word' id='word_1_68' title='bbox 742 668 834 715; x_wconf 80' lang='lat' dir='ltr'>honeste</span> 
     </span>
     <span class='ocr_line' id='line_1_10' title="bbox 150 731 833 795; baseline -0.004 -15"><span class='ocrx_word' id='word_1_69' title='bbox 150 733 230 780; x_wconf 78' lang='lat' dir='ltr'>civitas</span> <span class='ocrx_word' id='word_1_70' title='bbox 242 748 289 780; x_wconf 92' lang='lat' dir='ltr'>non</span> <span class='ocrx_word' id='word_1_71' title='bbox 300 733 386 795; x_wconf 87' lang='lat' dir='ltr'>possit:</span> <span class='ocrx_word' id='word_1_72' title='bbox 403 747 481 780; x_wconf 89' lang='lat' dir='ltr'>nonne</span> <span class='ocrx_word' id='word_1_73' title='bbox 495 731 517 780; x_wconf 90' lang='lat' dir='ltr'>ei</span> <span class='ocrx_word' id='word_1_74' title='bbox 530 731 663 778; x_wconf 87' lang='lat' dir='ltr'>eommunis</span> <span class='ocrx_word' id='word_1_75' title='bbox 681 733 778 780; x_wconf 81' lang='lat' dir='ltr'>utditaa</span> <span class='ocrx_word' id='word_1_76' title='bbox 788 747 833 778; x_wconf 85' lang='lat' dir='ltr'>ora·</span> 
     </span>
     <span class='ocr_line' id='line_1_11' title="bbox 150 795 832 846; baseline 0 -2"><span class='ocrx_word' id='word_1_77' title='bbox 150 805 222 845; x_wconf 88' lang='lat' dir='ltr'>torem</span> <span class='ocrx_word' id='word_1_78' title='bbox 235 797 372 846; x_wconf 76' lang='lat' dir='ltr'>advocabit?</span> <span class='ocrx_word' id='word_1_79' title='bbox 391 797 458 845; x_wconf 84' lang='lat' dir='ltr'>Certe</span> <span class='ocrx_word' id='word_1_80' title='bbox 473 795 593 844; x_wconf 78' lang='lat' dir='ltr'>Fabricius</span> <span class='ocrx_word' id='word_1_81' title='bbox 606 795 755 844; x_wconf 85' lang='lat' dir='ltr'>Cornelium</span> <span class='ocrx_word' id='word_1_82' title='bbox 770 795 832 844; x_wconf 83' lang='lat' dir='ltr'>Rufi-</span> 
     </span>
     <span class='ocr_line' id='line_1_12' title="bbox 121 859 833 927; baseline -0.004 -18"><span class='ocrx_word' id='word_1_83' title='bbox 121 919 126 927; x_wconf 25' lang='lat'>,</span> <span class='ocrx_word' id='word_1_84' title='bbox 149 875 217 922; x_wconf 88' lang='lat' dir='ltr'>num,</span> <span class='ocrx_word' id='word_1_85' title='bbox 230 871 253 910; x_wconf 92' lang='lat' dir='ltr'>et</span> <span class='ocrx_word' id='word_1_86' title='bbox 263 861 350 924; x_wconf 82' lang='lat' dir='ltr'>alioqui</span> <span class='ocrx_word' id='word_1_87' title='bbox 360 861 450 910; x_wconf 85' lang='lat' dir='ltr'>malunt</span> <span class='ocrx_word' id='word_1_88' title='bbox 462 861 545 919; x_wconf 84' lang='lat' dir='ltr'>civem,</span> <span class='ocrx_word' id='word_1_89' title='bbox 557 868 580 908; x_wconf 85' lang='lat' dir='ltr'>et</span> <span class='ocrx_word' id='word_1_90' title='bbox 590 859 637 908; x_wconf 85' lang='lat' dir='ltr'>sibi</span> <span class='ocrx_word' id='word_1_91' title='bbox 647 861 789 918; x_wconf 83' lang='lat' dir='ltr'>inimicum,</span> <span class='ocrx_word' id='word_1_92' title='bbox 803 869 833 906; x_wconf 87' lang='lat' dir='ltr'>ts·</span> 
     </span>
     <span class='ocr_line' id='line_1_13' title="bbox 150 924 834 990; baseline -0.003 -18"><span class='ocrx_word' id='word_1_93' title='bbox 150 941 215 986; x_wconf 85' lang='lat' dir='ltr'>men,</span> <span class='ocrx_word' id='word_1_94' title='bbox 233 925 290 990; x_wconf 87' lang='lat' dir='ltr'>quia</span> <span class='ocrx_word' id='word_1_95' title='bbox 305 926 387 974; x_wconf 89' lang='lat' dir='ltr'>utilem</span> <span class='ocrx_word' id='word_1_96' title='bbox 401 927 487 974; x_wconf 78' lang='lat' dir='ltr'>sciebat</span> <span class='ocrx_word' id='word_1_97' title='bbox 501 926 594 983; x_wconf 84' lang='lat' dir='ltr'>ducem,</span> <span class='ocrx_word' id='word_1_98' title='bbox 612 924 762 974; x_wconf 85' lang='lat' dir='ltr'>imminente</span> <span class='ocrx_word' id='word_1_99' title='bbox 778 924 834 972; x_wconf 87' lang='lat' dir='ltr'>bello</span> 
     </span>
     <span class='ocr_line' id='line_1_14' title="bbox 150 988 833 1053; baseline 0 -17"><span class='ocrx_word' id='word_1_100' title='bbox 150 990 229 1053; x_wconf 84' lang='lat' dir='ltr'>palam</span> <span class='ocrx_word' id='word_1_101' title='bbox 240 991 357 1038; x_wconf 87' lang='lat' dir='ltr'>consulem</span> <span class='ocrx_word' id='word_1_102' title='bbox 368 991 478 1053; x_wconf 83' lang='lat' dir='ltr'>suffragio</span> <span class='ocrx_word' id='word_1_103' title='bbox 485 1006 527 1038; x_wconf 87' lang='lat' dir='ltr'>suo</span> <span class='ocrx_word' id='word_1_104' title='bbox 537 988 606 1036; x_wconf 79' lang='lat' dir='ltr'>fecits</span> <span class='ocrx_word' id='word_1_105' title='bbox 625 998 703 1052; x_wconf 84' lang='lat' dir='ltr'>atque</span> <span class='ocrx_word' id='word_1_106' title='bbox 712 990 739 1036; x_wconf 93' lang='lat' dir='ltr'>id</span> <span class='ocrx_word' id='word_1_107' title='bbox 750 990 833 1037; x_wconf 85' lang='lat' dir='ltr'>miran-</span> 
     </span>
     <span class='ocr_line' id='line_1_15' title="bbox 150 1054 832 1118; baseline 0 -17"><span class='ocrx_word' id='word_1_108' title='bbox 150 1054 213 1102; x_wconf 84' lang='lat' dir='ltr'>tibus</span> <span class='ocrx_word' id='word_1_109' title='bbox 220 1055 359 1118; x_wconf 81' lang='lat' dir='ltr'>quibusdem</span> <span class='ocrx_word' id='word_1_110' title='bbox 370 1055 495 1116; x_wconf 88' lang='lat' dir='ltr'>respondit,</span> <span class='ocrx_word' id='word_1_111' title='bbox 506 1055 529 1101; x_wconf 83' lang='lat' dir='ltr'><em>A</em></span> <span class='ocrx_word' id='word_1_112' title='bbox 542 1056 593 1100; x_wconf 77' lang='lat' dir='ltr'>eins</span> <span class='ocrx_word' id='word_1_113' title='bbox 602 1068 627 1100; x_wconf 80' lang='lat' dir='ltr'>ss</span> <span class='ocrx_word' id='word_1_114' title='bbox 639 1056 748 1114; x_wconf 70' lang='lat' dir='ltr'>spoliari</span> <span class='ocrx_word' id='word_1_115' title='bbox 759 1056 832 1110; x_wconf 75' lang='lat' dir='ltr'>molle,</span> 
     </span>
     <span class='ocr_line' id='line_1_16' title="bbox 151 1116 833 1180; baseline 0.001 -16"><span class='ocrx_word' id='word_1_116' title='bbox 151 1134 222 1180; x_wconf 79' lang='lat' dir='ltr'>quam</span> <span class='ocrx_word' id='word_1_117' title='bbox 233 1122 261 1166; x_wconf 81' lang='lat' dir='ltr'>ab</span> <span class='ocrx_word' id='word_1_118' title='bbox 273 1121 337 1166; x_wconf 83' lang='lat' dir='ltr'>ltoste</span> <span class='ocrx_word' id='word_1_119' title='bbox 348 1121 433 1166; x_wconf 75' lang='lat' dir='ltr'>ventre.</span> <span class='ocrx_word' id='word_1_120' title='bbox 452 1120 490 1166; x_wconf 86' lang='lat' dir='ltr'>Ita</span> <span class='ocrx_word' id='word_1_121' title='bbox 500 1118 547 1177; x_wconf 90' lang='lat' dir='ltr'>hic,</span> <span class='ocrx_word' id='word_1_122' title='bbox 562 1117 582 1165; x_wconf 87' lang='lat' dir='ltr'>si</span> <span class='ocrx_word' id='word_1_123' title='bbox 592 1116 678 1164; x_wconf 83' lang='lat' dir='ltr'>fuisset</span> <span class='ocrx_word' id='word_1_124' title='bbox 688 1128 780 1178; x_wconf 86' lang='lat' dir='ltr'>orator,</span> <span class='ocrx_word' id='word_1_125' title='bbox 791 1132 833 1164; x_wconf 87' lang='lat' dir='ltr'>uon</span> 
     </span>
     <span class='ocr_line' id='line_1_17' title="bbox 150 1180 834 1246; baseline -0.001 -16"><span class='ocrx_word' id='word_1_126' title='bbox 150 1183 288 1232; x_wconf 80' lang='lat' dir='ltr'>defendisset</span> <span class='ocrx_word' id='word_1_127' title='bbox 306 1183 415 1232; x_wconf 90' lang='lat' dir='ltr'>eumdem</span> <span class='ocrx_word' id='word_1_128' title='bbox 433 1183 549 1230; x_wconf 87' lang='lat' dir='ltr'>Rufinum</span> <span class='ocrx_word' id='word_1_129' title='bbox 567 1180 604 1228; x_wconf 88' lang='lat' dir='ltr'>vel</span> <span class='ocrx_word' id='word_1_130' title='bbox 620 1181 748 1229; x_wconf 76' lang='lat' dir='ltr'>manifesti</span> <span class='ocrx_word' id='word_1_131' title='bbox 767 1198 834 1246; x_wconf 80' lang='lat' dir='ltr'>peor-</span> 
     </span>
     <span class='ocr_line' id='line_1_18' title="bbox 152 1248 308 1296; baseline 0 0"><span class='ocrx_word' id='word_1_132' title='bbox 152 1248 212 1296; x_wconf 82' lang='lat' dir='ltr'>latts</span> <span class='ocrx_word' id='word_1_133' title='bbox 223 1252 308 1296; x_wconf 85' lang='lat' dir='ltr'>reum?</span> 
     </span>
    </p>

    <p class='ocr_par' dir='ltr' id='par_1_3' title="bbox 95 1310 837 2276">
     <span class='ocr_line' id='line_1_19' title="bbox 185 1310 835 1375; baseline 0.002 -17"><span class='ocrx_word' id='word_1_134' title='bbox 185 1313 267 1360; x_wconf 87' lang='lat' dir='ltr'>Multa</span> <span class='ocrx_word' id='word_1_135' title='bbox 281 1313 327 1360; x_wconf 89' lang='lat' dir='ltr'>diei</span> <span class='ocrx_word' id='word_1_136' title='bbox 341 1319 438 1375; x_wconf 82' lang='lat' dir='ltr'>possunt</span> <span class='ocrx_word' id='word_1_137' title='bbox 448 1311 548 1370; x_wconf 79' lang='lat' dir='ltr'>similia3</span> <span class='ocrx_word' id='word_1_138' title='bbox 564 1310 604 1358; x_wconf 88' lang='lat' dir='ltr'>sed</span> <span class='ocrx_word' id='word_1_139' title='bbox 615 1312 653 1360; x_wconf 87' lang='lat' dir='ltr'>vel</span> <span class='ocrx_word' id='word_1_140' title='bbox 664 1327 748 1360; x_wconf 89' lang='lat' dir='ltr'>unum</span> <span class='ocrx_word' id='word_1_141' title='bbox 760 1328 791 1360; x_wconf 85' lang='lat' dir='ltr'>ex</span> <span class='ocrx_word' id='word_1_142' title='bbox 800 1312 835 1359; x_wconf 84' lang='lat' dir='ltr'>his</span> 
     </span>
     <span class='ocr_line' id='line_1_20' title="bbox 152 1376 834 1438; baseline 0 -16"><span class='ocrx_word' id='word_1_143' title='bbox 152 1377 273 1438; x_wconf 84' lang='lat' dir='ltr'>quodlibet</span> <span class='ocrx_word' id='word_1_144' title='bbox 283 1377 373 1425; x_wconf 85' lang='lat' dir='ltr'>sufficit</span> <span class='ocrx_word' id='word_1_145' title='bbox 390 1377 447 1424; x_wconf 89' lang='lat' dir='ltr'>Non</span> <span class='ocrx_word' id='word_1_146' title='bbox 464 1376 526 1423; x_wconf 89' lang='lat' dir='ltr'>enim</span> <span class='ocrx_word' id='word_1_147' title='bbox 544 1376 588 1423; x_wconf 87' lang='lat' dir='ltr'>hoo</span> <span class='ocrx_word' id='word_1_148' title='bbox 605 1376 711 1438; x_wconf 83' lang='lat' dir='ltr'>agimus,</span> <span class='ocrx_word' id='word_1_149' title='bbox 727 1385 760 1424; x_wconf 89' lang='lat' dir='ltr'>ut</span> <span class='ocrx_word' id='word_1_150' title='bbox 775 1377 834 1425; x_wconf 82' lang='lat' dir='ltr'>istud</span> 
     </span>
     <span class='ocr_line' id='line_1_21' title="bbox 152 1439 833 1505; baseline 0.001 -17"><span class='ocrx_word' id='word_1_151' title='bbox 152 1440 196 1499; x_wconf 87' lang='lat' dir='ltr'>illi,</span> <span class='ocrx_word' id='word_1_152' title='bbox 212 1458 283 1505; x_wconf 88' lang='lat' dir='ltr'>quem</span> <span class='ocrx_word' id='word_1_153' title='bbox 300 1442 436 1499; x_wconf 86' lang='lat' dir='ltr'>formamus,</span> <span class='ocrx_word' id='word_1_154' title='bbox 448 1441 496 1488; x_wconf 89' lang='lat' dir='ltr'>viro</span> <span class='ocrx_word' id='word_1_155' title='bbox 507 1455 567 1503; x_wconf 83' lang='lat' dir='ltr'>aaepe</span> <span class='ocrx_word' id='word_1_156' title='bbox 578 1439 608 1486; x_wconf 87' lang='lat' dir='ltr'>sit</span> <span class='ocrx_word' id='word_1_157' title='bbox 618 1441 779 1502; x_wconf 65' lang='lat' dir='ltr'>iaciendum</span> <span class='ocrx_word' id='word_1_158' title='bbox 797 1441 833 1489; x_wconf 61' lang='grc' dir='ltr'><em>κά</em></span> 
     </span>
     <span class='ocr_line' id='line_1_22' title="bbox 153 1505 835 1568; baseline -0.003 -14"><span class='ocrx_word' id='word_1_159' title='bbox 153 1514 188 1564; x_wconf 87' lang='lat' dir='ltr'>ut,</span> <span class='ocrx_word' id='word_1_160' title='bbox 201 1505 221 1553; x_wconf 87' lang='lat' dir='ltr'>si</span> <span class='ocrx_word' id='word_1_161' title='bbox 231 1507 283 1555; x_wconf 84' lang='lat' dir='ltr'>talis</span> <span class='ocrx_word' id='word_1_162' title='bbox 294 1506 393 1568; x_wconf 66' lang='lat' dir='ltr'>coegerit</span> <span class='ocrx_word' id='word_1_163' title='bbox 403 1505 470 1564; x_wconf 86' lang='lat' dir='ltr'>ratio,</span> <span class='ocrx_word' id='word_1_164' title='bbox 484 1505 514 1552; x_wconf 87' lang='lat' dir='ltr'>sit</span> <span class='ocrx_word' id='word_1_165' title='bbox 524 1513 602 1552; x_wconf 79' lang='lat' dir='ltr'>tamen</span> <span class='ocrx_word' id='word_1_166' title='bbox 612 1519 668 1552; x_wconf 85' lang='lat' dir='ltr'>vera</span> <span class='ocrx_word' id='word_1_167' title='bbox 678 1505 772 1562; x_wconf 86' lang='lat' dir='ltr'>finitio,</span> <span class='ocrx_word' id='word_1_168' title='bbox 783 1521 835 1552; x_wconf 83' lang='lat' dir='ltr'>om-</span> 
     </span>
     <span class='ocr_line' id='line_1_23' title="bbox 153 1571 836 1632; baseline 0 -14"><span class='ocrx_word' id='word_1_169' title='bbox 153 1573 379 1620; x_wconf 67' lang='lat' dir='ltr'>teramnensem</span> <span class='ocrx_word' id='word_1_170' title='bbox 391 1573 483 1629; x_wconf 81' lang='lat' dir='ltr'>bonum,</span> <span class='ocrx_word' id='word_1_171' title='bbox 498 1571 591 1616; x_wconf 71' lang='lat' dir='ltr'>dicendi</span> <span class='ocrx_word' id='word_1_172' title='bbox 601 1572 722 1632; x_wconf 80' lang='lat' dir='ltr'>peritum.</span> <span class='ocrx_word' id='word_1_173' title='bbox 749 1571 836 1618; x_wconf 74' lang='lat' dir='ltr'>Praeci-</span> 
     </span>
     <span class='ocr_line' id='line_1_24' title="bbox 153 1633 835 1698; baseline 0 -16"><span class='ocrx_word' id='word_1_174' title='bbox 153 1649 206 1696; x_wconf 87' lang='lat' dir='ltr'>pere</span> <span class='ocrx_word' id='word_1_175' title='bbox 218 1653 271 1684; x_wconf 91' lang='lat' dir='ltr'>vero</span> <span class='ocrx_word' id='word_1_176' title='bbox 282 1651 309 1686; x_wconf 80' lang='lat' dir='ltr'>ac</span> <span class='ocrx_word' id='word_1_177' title='bbox 319 1636 403 1686; x_wconf 82' lang='lat' dir='ltr'>discere</span> <span class='ocrx_word' id='word_1_178' title='bbox 414 1634 530 1698; x_wconf 89' lang='lat' dir='ltr'>quomodo</span> <span class='ocrx_word' id='word_1_179' title='bbox 541 1633 610 1680; x_wconf 90' lang='lat' dir='ltr'>etiam</span> <span class='ocrx_word' id='word_1_180' title='bbox 620 1635 766 1695; x_wconf 87' lang='lat' dir='ltr'>probatione</span> <span class='ocrx_word' id='word_1_181' title='bbox 778 1635 835 1682; x_wconf 83' lang='lat' dir='ltr'>diffi-</span> 
     </span>
     <span class='ocr_line' id='line_1_25' title="bbox 153 1697 835 1762; baseline -0.004 -12"><span class='ocrx_word' id='word_1_182' title='bbox 153 1700 206 1750; x_wconf 81' lang='lat' dir='ltr'>cilia</span> <span class='ocrx_word' id='word_1_183' title='bbox 224 1709 357 1758; x_wconf 86' lang='lat' dir='ltr'>tractentur,</span> <span class='ocrx_word' id='word_1_184' title='bbox 376 1699 529 1749; x_wconf 83' lang='lat' dir='ltr'>necessarium</span> <span class='ocrx_word' id='word_1_185' title='bbox 546 1707 586 1748; x_wconf 81' lang='lat' dir='ltr'>est</span> <span class='ocrx_word' id='word_1_186' title='bbox 612 1697 679 1744; x_wconf 85' lang='lat' dir='ltr'>Nam</span> <span class='ocrx_word' id='word_1_187' title='bbox 698 1699 835 1762; x_wconf 79' lang='lat' dir='ltr'>frequentes</span> 
     </span>
     <span class='ocr_line' id='line_1_26' title="bbox 95 1761 835 1828; baseline -0.004 -16"><span class='ocrx_word' id='word_1_188' title='bbox 95 1761 98 1768; x_wconf 83' lang='lat'>&#39;</span> <span class='ocrx_word' id='word_1_189' title='bbox 155 1764 225 1812; x_wconf 87' lang='lat' dir='ltr'>etiam</span> <span class='ocrx_word' id='word_1_190' title='bbox 236 1765 330 1828; x_wconf 85' lang='lat' dir='ltr'>optimae</span> <span class='ocrx_word' id='word_1_191' title='bbox 340 1779 415 1812; x_wconf 72' lang='lat' dir='ltr'>caussa</span> <span class='ocrx_word' id='word_1_192' title='bbox 426 1763 512 1811; x_wconf 88' lang='lat' dir='ltr'>similes</span> <span class='ocrx_word' id='word_1_193' title='bbox 523 1773 578 1810; x_wconf 90' lang='lat' dir='ltr'>sunt</span> <span class='ocrx_word' id='word_1_194' title='bbox 587 1761 664 1820; x_wconf 88' lang='lat' dir='ltr'>malis,</span> <span class='ocrx_word' id='word_1_195' title='bbox 680 1771 705 1811; x_wconf 90' lang='lat' dir='ltr'>et</span> <span class='ocrx_word' id='word_1_196' title='bbox 720 1763 835 1812; x_wconf 78' lang='lat' dir='ltr'>innosem</span> 
     </span>
     <span class='ocr_line' id='line_1_27' title="bbox 154 1827 834 1890; baseline -0.003 -14"><span class='ocrx_word' id='word_1_197' title='bbox 154 1844 207 1876; x_wconf 83' lang='lat' dir='ltr'>teus</span> <span class='ocrx_word' id='word_1_198' title='bbox 226 1829 307 1877; x_wconf 90' lang='lat' dir='ltr'>multis</span> <span class='ocrx_word' id='word_1_199' title='bbox 325 1827 504 1877; x_wconf 77' lang='lat' dir='ltr'>verisimilibus</span> <span class='ocrx_word' id='word_1_200' title='bbox 522 1827 646 1889; x_wconf 87' lang='lat' dir='ltr'>premitur;</span> <span class='ocrx_word' id='word_1_201' title='bbox 678 1843 728 1890; x_wconf 91' lang='lat' dir='ltr'>quo</span> <span class='ocrx_word' id='word_1_202' title='bbox 750 1827 790 1884; x_wconf 80' lang='lat' dir='ltr'>fit,</span> <span class='ocrx_word' id='word_1_203' title='bbox 808 1836 834 1874; x_wconf 91' lang='lat' dir='ltr'>nt</span> 
     </span>
     <span class='ocr_line' id='line_1_28' title="bbox 154 1891 835 1954; baseline 0 -14"><span class='ocrx_word' id='word_1_204' title='bbox 154 1891 236 1940; x_wconf 70' lang='lat' dir='ltr'>eisdem</span> <span class='ocrx_word' id='word_1_205' title='bbox 248 1893 344 1941; x_wconf 87' lang='lat' dir='ltr'>actionis</span> <span class='ocrx_word' id='word_1_206' title='bbox 358 1894 446 1942; x_wconf 85' lang='lat' dir='ltr'>ratione</span> <span class='ocrx_word' id='word_1_207' title='bbox 460 1892 490 1940; x_wconf 88' lang='lat' dir='ltr'>sit</span> <span class='ocrx_word' id='word_1_208' title='bbox 504 1891 669 1951; x_wconf 81' lang='lat' dir='ltr'>defendendus,</span> <span class='ocrx_word' id='word_1_209' title='bbox 685 1892 747 1954; x_wconf 66' lang='lat' dir='ltr'>qui,</span> <span class='ocrx_word' id='word_1_210' title='bbox 763 1893 835 1940; x_wconf 87' lang='lat' dir='ltr'>sino-</span> 
     </span>
     <span class='ocr_line' id='line_1_29' title="bbox 153 1955 834 2006; baseline 0 -2"><span class='ocrx_word' id='word_1_211' title='bbox 153 1971 207 2004; x_wconf 88' lang='lat' dir='ltr'>eens</span> <span class='ocrx_word' id='word_1_212' title='bbox 218 1966 284 2006; x_wconf 85' lang='lat' dir='ltr'>esset.</span> <span class='ocrx_word' id='word_1_213' title='bbox 300 1959 358 2005; x_wconf 85' lang='lat' dir='ltr'>Jam</span> <span class='ocrx_word' id='word_1_214' title='bbox 368 1957 546 2006; x_wconf 83' lang='lat' dir='ltr'>innumerabilia</span> <span class='ocrx_word' id='word_1_215' title='bbox 557 1965 611 2003; x_wconf 92' lang='lat' dir='ltr'>sunt</span> <span class='ocrx_word' id='word_1_216' title='bbox 616 1955 684 2004; x_wconf 87' lang='lat' dir='ltr'>bonis</span> <span class='ocrx_word' id='word_1_217' title='bbox 691 1957 774 2004; x_wconf 85' lang='lat' dir='ltr'>causis</span> <span class='ocrx_word' id='word_1_218' title='bbox 785 1973 834 2004; x_wconf 81' lang='lat' dir='ltr'>rna·</span> 
     </span>
     <span class='ocr_line' id='line_1_30' title="bbox 152 2021 837 2086; baseline -0.003 -18"><span class='ocrx_word' id='word_1_219' title='bbox 152 2021 229 2086; x_wconf 87' lang='lat' dir='ltr'>lisque</span> <span class='ocrx_word' id='word_1_220' title='bbox 246 2022 386 2082; x_wconf 89' lang='lat' dir='ltr'>communia,</span> <span class='ocrx_word' id='word_1_221' title='bbox 406 2029 483 2082; x_wconf 79' lang='lat' dir='ltr'>testes,</span> <span class='ocrx_word' id='word_1_222' title='bbox 503 2023 585 2078; x_wconf 75' lang='lat' dir='ltr'>litera,</span> <span class='ocrx_word' id='word_1_223' title='bbox 605 2021 765 2082; x_wconf 74' lang='lat' dir='ltr'>suspiciones,</span> <span class='ocrx_word' id='word_1_224' title='bbox 787 2025 837 2084; x_wconf 83' lang='lat' dir='ltr'>opt-</span> 
     </span>
     <span class='ocr_line' id='line_1_31' title="bbox 154 2085 836 2146; baseline -0.004 -12"><span class='ocrx_word' id='word_1_225' title='bbox 154 2090 242 2135; x_wconf 71' lang='lat' dir='ltr'>ationes.</span> <span class='ocrx_word' id='word_1_226' title='bbox 260 2089 316 2135; x_wconf 92' lang='lat' dir='ltr'>Non</span> <span class='ocrx_word' id='word_1_227' title='bbox 331 2087 397 2134; x_wconf 86' lang='lat' dir='ltr'>aliter</span> <span class='ocrx_word' id='word_1_228' title='bbox 411 2097 489 2135; x_wconf 88' lang='lat' dir='ltr'>autem</span> <span class='ocrx_word' id='word_1_229' title='bbox 505 2085 661 2142; x_wconf 84' lang='lat' dir='ltr'>verisimilia,</span> <span class='ocrx_word' id='word_1_230' title='bbox 677 2099 756 2146; x_wconf 85' lang='lat' dir='ltr'>quam</span> <span class='ocrx_word' id='word_1_231' title='bbox 773 2101 836 2144; x_wconf 81' lang='lat' dir='ltr'>vera,</span> 
     </span>
     <span class='ocr_line' id='line_1_32' title="bbox 154 2150 837 2212; baseline 0.001 -14"><span class='ocrx_word' id='word_1_232' title='bbox 154 2160 177 2198; x_wconf 90' lang='lat' dir='ltr'>et</span> <span class='ocrx_word' id='word_1_233' title='bbox 191 2151 364 2210; x_wconf 84' lang='lat' dir='ltr'>confirmantur,</span> <span class='ocrx_word' id='word_1_234' title='bbox 380 2161 404 2200; x_wconf 92' lang='lat' dir='ltr'>et</span> <span class='ocrx_word' id='word_1_235' title='bbox 417 2150 560 2199; x_wconf 84' lang='lat' dir='ltr'>refelluntur.</span> <span class='ocrx_word' id='word_1_236' title='bbox 577 2150 737 2212; x_wconf 83' lang='lat' dir='ltr'>Quapropter,</span> <span class='ocrx_word' id='word_1_237' title='bbox 755 2160 837 2198; x_wconf 85' lang='lat' dir='ltr'>utres</span> 
     </span>
     <span class='ocr_line' id='line_1_33' title="bbox 153 2213 798 2276; baseline 0 -13"><span class='ocrx_word' id='word_1_238' title='bbox 153 2217 218 2276; x_wconf 85' lang='lat' dir='ltr'>feret,</span> <span class='ocrx_word' id='word_1_239' title='bbox 230 2217 333 2264; x_wconf 86' lang='lat' dir='ltr'>flectetur</span> <span class='ocrx_word' id='word_1_240' title='bbox 343 2217 424 2276; x_wconf 86' lang='lat' dir='ltr'>oratio,</span> <span class='ocrx_word' id='word_1_241' title='bbox 436 2223 543 2262; x_wconf 89' lang='lat' dir='ltr'>manente</span> <span class='ocrx_word' id='word_1_242' title='bbox 553 2213 650 2261; x_wconf 66' lang='lat' dir='ltr'>honesta</span> <span class='ocrx_word' id='word_1_243' title='bbox 660 2213 798 2263; x_wconf 77' lang='lat' dir='ltr'>voluntate.</span> 
     </span>
    </p>
   </div>
   <div class='ocr_carea' id='block_1_3' title="bbox 406 2342 576 2392">
    <p class='ocr_par' dir='ltr' id='par_1_4' title="bbox 406 2342 576 2392">
     <span class='ocr_line' id='line_1_34' title="bbox 406 2342 576 2392; baseline -0.024 -1"><span class='ocrx_word' id='word_1_244' title='bbox 406 2343 521 2392; x_wconf 79' lang='lat' dir='ltr'><strong>CAPUT</strong></span> <span class='ocrx_word' id='word_1_245' title='bbox 539 2342 576 2388; x_wconf 88' lang='lat' dir='ltr'>II.</span> 
     </span>
    </p>
   </div>
   <div class='ocr_carea' id='block_1_4' title="bbox 152 2469 837 2672">
    <p class='ocr_par' dir='ltr' id='par_1_5' title="bbox 152 2469 837 2672">
     <span class='ocr_line' id='line_1_35' title="bbox 185 2469 837 2532; baseline 0.012 -18"><span class='ocrx_word' id='word_1_246' title='bbox 185 2469 287 2525; x_wconf 85' lang='lat' dir='ltr'>Quando</span> <span class='ocrx_word' id='word_1_247' title='bbox 298 2471 369 2532; x_wconf 82' lang='lat' dir='ltr'>igitur</span> <span class='ocrx_word' id='word_1_248' title='bbox 380 2480 455 2519; x_wconf 85' lang='lat' dir='ltr'>orator</span> <span class='ocrx_word' id='word_1_249' title='bbox 462 2478 496 2518; x_wconf 88' lang='lat' dir='ltr'>est</span> <span class='ocrx_word' id='word_1_250' title='bbox 505 2473 544 2516; x_wconf 84' lang='lat' dir='ltr'>utr</span> <span class='ocrx_word' id='word_1_251' title='bbox 556 2470 636 2528; x_wconf 77' lang='lat' dir='ltr'>bonus,</span> <span class='ocrx_word' id='word_1_252' title='bbox 648 2469 669 2518; x_wconf 88' lang='lat' dir='ltr'>is</span> <span class='ocrx_word' id='word_1_253' title='bbox 679 2479 768 2520; x_wconf 80' lang='lat' dir='ltr'>autem</span> <span class='ocrx_word' id='word_1_254' title='bbox 780 2475 837 2522; x_wconf 80' lang='lat' dir='ltr'>citra</span> 
     </span>
     <span class='ocr_line' id='line_1_36' title="bbox 152 2530 837 2600; baseline 0.018 -26"><span class='ocrx_word' id='word_1_255' title='bbox 152 2530 261 2580; x_wconf 84' lang='lat' dir='ltr'>virtutem</span> <span class='ocrx_word' id='word_1_256' title='bbox 278 2533 377 2594; x_wconf 84' lang='lat' dir='ltr'>intelligi</span> <span class='ocrx_word' id='word_1_257' title='bbox 389 2549 435 2582; x_wconf 91' lang='lat' dir='ltr'>non</span> <span class='ocrx_word' id='word_1_258' title='bbox 451 2542 541 2596; x_wconf 65' lang='lat' dir='ltr'>potestte</span> <span class='ocrx_word' id='word_1_259' title='bbox 558 2533 640 2593; x_wconf 80' lang='lat' dir='ltr'>virttis,</span> <span class='ocrx_word' id='word_1_260' title='bbox 656 2533 755 2584; x_wconf 82' lang='lat' dir='ltr'>etiamsi</span> <span class='ocrx_word' id='word_1_261' title='bbox 765 2554 837 2600; x_wconf 87' lang='lat' dir='ltr'>quos·</span> 
     </span>
     <span class='ocr_line' id='line_1_37' title="bbox 152 2592 836 2672; baseline 0.016 -32"><span class='ocrx_word' id='word_1_262' title='bbox 152 2592 205 2646; x_wconf 66' lang='lat' dir='ltr'>‘lom</span> <span class='ocrx_word' id='word_1_263' title='bbox 222 2593 322 2656; x_wconf 84' lang='lat' dir='ltr'>impetus</span> <span class='ocrx_word' id='word_1_264' title='bbox 340 2612 369 2648; x_wconf 80' lang='lat' dir='ltr'>ex</span> <span class='ocrx_word' id='word_1_265' title='bbox 384 2599 467 2652; x_wconf 69' lang='lat' dir='ltr'>naturt</span> <span class='ocrx_word' id='word_1_266' title='bbox 486 2598 567 2658; x_wconf 81' lang='lat' dir='ltr'>sumit,</span> <span class='ocrx_word' id='word_1_267' title='bbox 590 2608 668 2672; x_wconf 64' lang='lat' dir='ltr'>umen</span> <span class='ocrx_word' id='word_1_268' title='bbox 687 2601 836 2662; x_wconf 72' lang='lat' dir='ltr'>perficienda</span> 
     </span>
    </p>
   </div>
   <div class='ocr_carea' id='block_1_5' title="bbox 0 0 914 2938">
    <p class='ocr_par' dir='ltr' id='par_1_6' title="bbox 0 0 914 2938">
     <span class='ocr_line' id='line_1_38' title="bbox 0 0 914 2938; baseline 0 0"><span class='ocrx_word' id='word_1_269' title='bbox 0 0 914 2938; x_wconf 95' lang='lat' dir='ltr'> </span> 
     </span>
    </p>
   </div>
  </div>
 </body>
</html>
