1856 2948
134 105 183 154 2⁰⁰
272 98 403 150 INSTIT.
420 96 629 148 ulturum
645 97 669 144 2

135 235 217 282 benur
232 228 390 293 experirnmtu
405 228 531 286 culturum,
549 227 576 274 in
593 224 733 289 exernplum
752 226 820 276 inm.

137 305 212 346 entm-
245 293 331 342 Omnis
341 293 441 356 denique
451 292 577 366 discipline
586 290 655 338 iniria
664 290 696 338 ed
709 294 819 356 prnpoei-

137 369 190 409 tum
198 358 243 408 uni
253 357 411 421 pramiptuur
421 357 516 404 formerr
527 356 640 402 viduus.
667 354 704 402 Et
716 356 821 419 (hercle)

139 421 444 538 imit&
453 420 820 542 iiiii‘imssfflm

140 552 187 602 sed
196 552 241 600 hoe
251 551 336 613 ipsum,
379 551 410 598 od
418 502 482 598 telino
488 499 614 596 feciliorrgrqu
623 547 692 595 uobis
703 550 821 598 rationem

140 631 218 664 rerum
228 615 335 662 omnium
346 567 414 673 ¹inuit,
429 630 501 678 quem
511 613 557 660 fuit
570 612 607 670 iis,
619 612 661 676 qui
671 611 743 671 nihil,
757 615 822 678 quod

142 689 297 744 sequerentur,
314 679 454 737 habuerunt,
473 678 519 726 nisi
534 686 602 726 erute
618 686 642 724 et
658 691 716 724 eum
732 679 823 738 judicio

142 744 329 808 apprehenditur,
347 752 420 792 noret.
453 743 518 790 Ante
531 741 612 790 omniu
629 741 703 804 igitur
719 742 823 792 imitetie

141 825 183 874 per
199 825 224 856 se
239 809 290 872 ipse
305 823 353 856 non
369 807 513 868 suffieitvel
529 806 707 870 quispigriest
723 806 823 870 ingmii,

143 881 277 922 contentum
288 888 336 922 esse
346 873 375 920 iis
384 887 438 935 que
449 881 503 919 sunt
514 873 544 918 eb
554 871 607 918 eliis
616 871 721 918 invente.
756 873 824 932 Quid

144 937 206 988 enim
221 937 328 984 futurum
347 945 396 984 eret
412 935 554 1000 temporibus
571 935 625 995 illis,
645 951 700 998 quae
717 935 771 984 eine
784 953 825 986 ex-

145 1001 222 1063 emplo
243 1001 345 1060 fuerunt,
367 1001 387 1048 si
407 1001 513 1048 homines
534 999 602 1057 nihil,
618 999 664 1046 nisi
684 1000 752 1062 quod
773 1003 824 1063 jem

145 1066 310 1127 eognovieeent,
320 1065 452 1114 faciendum
467 1064 511 1112 sibi
521 1073 562 1112 aut
573 1063 726 1127 cogitandum
742 1067 826 1128 putis-

145 1133 214 1180 rent?
248 1129 341 1194 Nempe
350 1129 638 1177 nihilfuissetinventum.

181 1193 231 1244 Cur
240 1195 312 1258 igitur
322 1193 385 1242 nefus
396 1202 430 1242 est
440 1192 534 1256 reperiri
544 1193 633 1258 aliquid
643 1209 658 1240 e
668 1194 747 1253 nubis,
759 1196 825 1259 quud

147 1267 201 1308 ente
215 1275 262 1307 non
272 1257 360 1307 fuerit?
392 1259 435 1306 An
447 1258 483 1306 illi
495 1257 564 1306 rudes
576 1257 626 1306 sold
637 1259 726 1307 mentis
738 1262 827 1308 ueturi

148 1323 212 1370 ducti
222 1324 311 1370 suntin
327 1324 378 1383 hoe,
390 1331 476 1370 uttam
491 1322 567 1370 mults
576 1332 723 1385 generarent,
736 1339 782 1375 nus
797 1325 827 1373 ed

148 1387 300 1450 querendum
319 1403 365 1436 non
388 1403 414 1435 eo
435 1387 487 1450 ipso
506 1387 657 1445 concitemur,
678 1388 745 1450 quod
763 1399 826 1438 eerte

149 1451 234 1502 seimus
244 1452 356 1501 invenisse
367 1467 405 1500 eos
415 1451 456 1515 qui
466 1451 624 1516 quesierunt?
657 1451 700 1510 Et,
713 1468 770 1501 eum
782 1455 827 1516 illi,

149 1515 191 1581 qui
209 1517 302 1564 nullum
318 1519 456 1580 euJusquem
474 1516 508 1563 rei
523 1516 655 1564 habuerunt
673 1518 827 1580 megistum,

150 1581 252 1646 plurima
263 1582 289 1629 in
300 1591 401 1646 posteros
411 1579 554 1639 tradiderint,
569 1583 636 1628 uobis
651 1597 709 1628 usus
726 1583 828 1636 alienum

150 1661 228 1694 rerum
247 1647 278 1694 ed
294 1646 405 1695 eruendus
426 1645 483 1692 elias
499 1659 547 1692 non
568 1645 679 1708 proderit,
702 1647 746 1694 sed
767 1648 828 1696 nihii

151 1711 297 1770 habebimus,
318 1710 363 1758 nisi
384 1709 487 1758 beneficii
508 1709 596 1758 alieni?
624 1711 828 1774 quemadmodum

151 1774 248 1837 quidum
264 1776 360 1838 pictores
376 1774 439 1822 inid
454 1774 530 1821 solum
542 1773 643 1832 student,
660 1784 688 1822 ut
698 1775 829 1826 describere

99 1891 102 1900 1
151 1837 242 1885 tebules
252 1839 364 1886 mensuris
375 1855 401 1887 ec
411 1838 477 1886 lineis
488 1838 568 1886 sciant.
592 1839 674 1902 Turpe
685 1839 756 1888 etium
768 1841 830 1889 illud

152 1908 194 1958 est,
204 1910 336 1949 contentum
345 1917 392 1950 esse
398 1903 423 1950 id
431 1903 548 1966 consequi,
557 1903 620 1966 quod
628 1903 734 1952 imiteris.
751 1905 778 1952 N
778 1921 828 1966 am,

153 1979 240 2025 rursus,
252 1965 309 2030 quid
320 1975 368 2014 eret
377 1967 492 2042 futurum,
504 1967 525 2015 si
536 1982 605 2016 nemo
615 1967 669 2030 plus
680 1967 829 2020 effecisseteo

153 2033 409 2156 trtitttffff‘tti
429 2031 829 2161 {minirffiiiipiitii'iii

154 2163 257 2221 annales,
276 2162 427 2210 haberemuse
450 2161 538 2210 retibus
554 2161 631 2210 ndhuc
647 2161 828 2224 nevigmemusr

154 2240 201 2274 nou
220 2235 278 2276 esset
292 2226 389 2292 picture,
406 2226 451 2274 nisi
467 2242 520 2289 ques
536 2226 608 2274 lineus
624 2225 695 2276 modo
712 2235 830 2278 extremes

154 2293 253 2350 umbre,
268 2306 444 2366 quemeorpore
460 2291 485 2337 in
503 2289 551 2338 sole
560 2290 673 2350 fecissent,
686 2291 831 2342 drcumsed.

155 2355 225 2401 beret,
247 2356 296 2414 Ac,
308 2355 328 2402 ri
339 2369 417 2404 omme
427 2369 565 2418 percenseas,
577 2356 643 2403 nulle
653 2355 683 2402 sit
694 2371 741 2416 ere,
753 2359 831 2421 qualis

155 2415 250 2462 invente
259 2427 300 2470 ert,
310 2432 352 2465 nee
362 2418 423 2466 intre
431 2418 525 2466 initium
535 2419 613 2476 stetit3
631 2420 676 2468 rtisi
683 2421 744 2468 forte
752 2431 833 2472 nostre

155 2477 301 2538 potissimum
319 2490 423 2542 ternpore
438 2482 577 2530 dnmnemue
593 2483 665 2544 hujus
678 2484 831 2547 infelicitatis,

155 2547 184 2585 ut
200 2552 261 2586 nunc
277 2541 373 2588 demum
386 2544 446 2591 nihil
461 2554 554 2594 crescet.
589 2547 657 2596 Nihil
668 2548 732 2598 euim
750 2552 833 2600 creeris

156 2600 205 2648 sou
216 2601 350 2650 musone.
383 2604 455 2664 Quor
469 2608 488 2655 e
504 2610 618 2672 prioribus
628 2613 725 2674 eujusre
736 2613 774 2664 ru
784 2629 834 2664 uon
