1808 2938
206 103 335 169 russin.
352 103 509 168 oneror.
526 115 573 166 xr.
590 119 616 167 s.
697 117 747 168 ess

78 246 748 324 ‘Cerdoenrmctamppmtetepse‚mnrigidemant

73 327 204 438 {iffi
213 311 658 436 tlnlfsttttuntt
669 312 748 424 iit}

77 451 103 491 et
112 441 187 502 labor,
198 449 351 504 tenuaturque
357 441 560 503 roxaclctigatur.
577 441 746 504 Affixumpeo-

77 506 125 554 tori
132 514 246 565 mmmm,
253 505 331 553 minus
337 505 433 564 claram,
440 505 536 570 etquesi
546 505 660 564 latiorem,
669 521 746 568 presso

77 578 173 634 gottrrre
183 569 244 618 facit.
272 570 433 618 Humerorum
443 577 495 617 raro
506 569 586 618 decens
597 569 702 617 allevatio
713 579 747 618 at·

77 649 126 698 que
136 633 259 682 nonnemo
270 641 311 681 est
327 633 451 682 Breviatm
461 634 523 681 enim
530 634 614 693 curin,
624 643 647 682 et
654 642 747 698 gestum

76 698 203 764 quendam
215 698 328 746 humilem
339 707 409 762 atque
419 699 533 758 servilem,
543 705 566 746 et
574 698 640 762 quasi
649 698 746 746 fraudu·

76 763 169 812 lentum
179 763 244 822 facit,
256 777 310 810 cum
321 777 346 810 sc
358 763 383 810 in
397 761 504 810 habitum
514 762 660 824 adulationis,
672 759 746 810 admi-

74 827 183 886 rationis,
194 829 278 888 mette,
286 826 385 890 fingunt
397 826 492 874 Brachii
502 827 620 874 moderata
628 827 746 890 projectio,

72 892 180 940 remissis
195 891 306 951 humeris,
319 901 390 954 atque
408 891 576 956 explicantibus
588 907 613 940 re
627 891 652 939 in
670 891 746 956 prose·

74 955 153 1004 'rendi
162 970 236 1004 manu
252 954 338 1018 digitis,
356 955 476 1003 continuos
493 963 516 1003 et
532 956 675 1005 decurrentes
685 956 747 1005 locos

74 1020 183 1068 mutdme
192 1019 263 1068 decet.
285 1021 329 1078 At,
341 1035 395 1068 cum
406 1019 530 1082 speciosius
540 1019 597 1084 quid
607 1020 747 1084 uberiusque

73 1083 202 1133 dicendum
213 1092 256 1146 est,
267 1091 294 1132 ut
306 1083 374 1144 illud,
389 1085 533 1146 Sonantque
547 1085 684 1133 solitudines
695 1087 747 1132 vost

15 1155 16 1210 ζ
74 1150 226 1212 respondent,
242 1149 385 1212 exspatiatur
397 1149 423 1195 in
438 1148 508 1208 latiis,
526 1157 549 1197 et
565 1147 617 1212 ipsa
632 1149 746 1213 quodam-

75 1213 152 1262 modo
158 1229 183 1262 se
191 1227 246 1262 cum
257 1221 324 1277 gestu
334 1212 412 1260 fundit
421 1212 500 1260 oratio.

110 1277 200 1326 Manus
210 1293 272 1338 vero,
285 1277 346 1342 (sine
354 1277 439 1341 quibus
445 1285 527 1325 trunca
535 1290 593 1326 essct
600 1278 660 1326 aetio
668 1293 695 1327 ac
705 1278 746 1326 de-

15 1393 17 1406 ,
70 1341 140 1404 bilis)
148 1342 241 1391 vixdici
250 1349 335 1404 potest,
344 1349 402 1406 quot
409 1349 486 1390 motus
496 1342 604 1401 habeant,
613 1358 667 1392 cum
677 1357 744 1406 pane

15 1413 17 1470 J
71 1408 155 1472 ipsam
164 1409 286 1454 verborum
294 1405 384 1470 copiam
394 1417 567 1470 persequuntur.
587 1408 613 1455 N
613 1423 651 1455 am
659 1416 746 1456 ceteras

16 1477 17 1486 ¹
75 1479 156 1537 partes
165 1470 298 1534 loquentem
308 1469 428 1532 adjurant,
436 1471 474 1518 lne
485 1473 567 1534 (prope
575 1479 609 1519 est
619 1480 646 1519 ut
656 1470 745 1533 dicem)

74 1543 137 1601 ipsa
147 1535 281 1598 loquenten
297 1537 339 1582 An
350 1549 397 1582 non
406 1534 581 1598 hisposcimus?
593 1536 745 1600 pollicemur?

73 1601 208 1651 pommus?
221 1598 388 1647 dimittimus?
409 1599 546 1647 minamur?
568 1599 745 1663 supplicamus?

17 1653 18 1678 ¹
72 1663 260 1715 abominamur?
276 1663 400 1712 timemus?
417 1663 603 1727 interrogamus?
615 1663 746 1727 negamus?

17 1785 18 1792 ἵ
74 1729 201 1796 gandium,
223 1727 348 1789 tristitiam,
372 1727 549 1788 dubitationem,
571 1728 744 1789 confessionem,

74 1793 244 1861 pernitenn'am
260 1792 369 1852 modurn,
386 1792 485 1856 copiam,
500 1805 633 1854 numerum,
645 1801 745 1858 tempus,

18 1865 19 1870 ’
73 1858 240 1909 ostendimus?
268 1858 325 1906 Non
344 1856 430 1906 eedem
447 1856 579 1906 munitam?
596 1857 745 1922 supplicanti

73 1923 204 1973 inhibent?
223 1923 344 1986 pmbant?
366 1921 527 1970 admirantur?
544 1922 745 1972 verecundentur?

69 1989 145 2046 Non,
156 1986 181 2034 in
196 1985 377 2035 dernenstrandis
388 1985 446 2034 locis
460 1994 530 2050 atque
539 1987 649 2050 personis,
665 1987 746 2035 edver-

73 2053 171 2104 biorum
187 2059 257 2116 atque
272 2051 436 2116 pronominum
453 2051 556 2100 obtinent
566 2051 658 2099 vicem?
674 2060 709 2110 ut,
721 2051 746 2098 in

73 2115 144 2168 tanti
154 2131 196 2180 per
205 2129 284 2163 ornnes
296 2123 375 2179 gentes
389 2115 539 2178 nationesque
553 2115 641 2178 linguae
652 2114 746 2162 diversi·

75 2191 134 2242 tate,
145 2179 185 2228 hic
198 2180 258 2228 mihi
271 2180 377 2228 onmium
391 2179 513 2228 hominum
527 2179 657 2227 communis
672 2193 747 2227 sermo

72 2246 191 2298 videatur.
208 2245 242 2293 Et
251 2246 269 2293 ii
279 2243 383 2308 quidem,
391 2243 512 2306 dequibus
522 2259 574 2290 sum
586 2244 684 2302 loeutus,
692 2259 746 2291 eum

74 2311 134 2377 ipsis
153 2309 247 2358 vocibus
264 2309 398 2357 naturaliter
414 2315 500 2356 exeunt
516 2315 607 2370 gestus:
625 2307 665 2354 alii
679 2317 745 2367 sunt,

76 2377 121 2440 qui
138 2389 175 2422 res
193 2373 321 2422 imitatione
338 2371 483 2435 significant3
500 2379 528 2418 ut
546 2371 565 2418 si
582 2387 679 2434 regrum,
696 2381 747 2420 ten-

74 2441 149 2490 tantis
165 2453 235 2487 venas
251 2437 336 2486 medici
353 2435 511 2495 similitudine,
529 2444 571 2483 aut
587 2436 745 2498 citharoedum,

76 2503 184 2554 formatis
201 2503 231 2550 nd
249 2503 346 2551 modum
364 2500 512 2564 percutientis
528 2515 610 2549 nervos
628 2502 745 2560 manibus,

75 2569 201 2626 ostendere
216 2569 280 2632 quod
293 2573 330 2616 est
344 2580 417 2628 getius
433 2579 505 2628 quam
522 2565 692 2627 longissimam
709 2579 746 2612 ac-

110 2646 174 2682 ron.
192 2646 224 2680 11.
570 2631 615 2676 ie
