1868 2942
137 78 169 124 dd
252 76 381 126 INSTI'r.
401 74 557 126 ORATOR.
575 74 650 126 VIII·
667 76 692 122 2.

398 268 514 318 CAPUT
532 268 554 318 1.

172 398 256 461 Igitur,
266 412 338 462 quum
345 397 421 448 Greci
430 409 511 459 φρασιι
518 405 610 459 rotant,
619 397 704 446 Latine
711 395 815 448 dicimus

140 465 296 510 elocutionem.
321 463 384 512 Eam
395 471 524 526 spectamus
534 463 560 512 in
570 462 645 512 verbis
655 469 696 510 aut
707 463 814 522 singulte

140 536 181 576 eut
192 529 328 590 conjunctis.
355 529 385 576 In
400 529 502 588 singulte
516 527 655 578 intuendum
667 535 710 586 est,
724 535 751 574 ut
764 527 814 578 sint

141 593 239 653 Latino,
253 595 388 655 perepicuo,
406 598 498 653 ornato,
515 600 539 640 et
551 591 582 640 ad
595 591 630 650 id,
646 591 710 655 quod
723 590 814 640 efficere

141 657 258 718 volumus,
270 659 457 714 oscmnmoduto3
468 656 493 703 in
504 659 642 720 conjunctu,
654 663 681 703 ut
692 657 814 722 collocuta,

141 729 169 770 ut
178 726 297 784 figurato.
323 721 369 770 Sed
383 737 418 780 ea,
432 736 485 784 quae
499 721 529 770 de
540 721 629 769 ratione
641 719 726 768 laune
740 728 814 784 atque

143 787 263 836 emendate
272 785 383 849 loquendi
392 786 486 834 fuerunt
496 785 601 846 dicende,
615 787 642 832 in
652 786 712 832 libro
720 787 814 848 primo,

142 864 197 898 uum
214 853 246 898 de
256 853 413 912 grommattce
430 851 586 913 loqueremur,
605 849 707 898 exsecuti
722 864 813 904 sumus,

144 915 234 962 Verum
244 915 403 975 illiotentum,
417 915 538 964 nevitiosa
548 923 631 974 essent,
644 914 812 978 praeoepimusr
915 913 916 952 ἒ

143 979 237 1034 hicnon
248 979 391 1028 alienumest
402 979 534 1038 admonere,
545 987 572 1026 ut
582 979 628 1028 sint
636 994 707 1043 quam
716 977 815 1026 minime
915 971 916 1016 ἶ

139 1045 270 1106 peregrino
279 1051 413 1095 ussurus..
430 1043 522 1092 Multos
529 1043 601 1104 enim,
611 1043 695 1108 quibus
703 1041 816 1107 loquendi
915 1083 916 1108 3

144 1109 202 1156 ratio
214 1123 262 1156 nou
274 1109 342 1167 desit,
358 1107 470 1167 invenias,
486 1123 545 1172 quos
558 1109 646 1156 curiose
659 1107 736 1172 potius
748 1107 816 1171 loqui
915 1137 916 1148 ³

144 1172 238 1231 dixeris,
253 1189 325 1237 quem
336 1173 434 1222 Latine:
449 1173 566 1236 quomodo
576 1181 599 1220 et
610 1173 651 1220 illa
660 1172 741 1220 Attica
755 1186 816 1220 enus
915 1179 916 1184 ’

145 1237 342 1300 Theophrastum,
352 1237 471 1284 hominem
481 1237 568 1301 alioqui
579 1237 762 1298 disertissimum,
774 1251 818 1300 un,-
915 1269 916 1280 ³

144 1303 224 1350 notati
236 1301 305 1348 unius
318 1301 460 1350 nffeotadone
470 1302 546 1362 verbi,
555 1301 670 1365 hospitem
681 1301 741 1348 dixit
750 1317 758 1358 ς
773 1317 817 1349 neu
915 1313 916 1350 ξ

145 1365 191 1414 alio
203 1381 227 1412 se
237 1365 262 1412 id
272 1365 449 1429 deprehendisse
456 1366 594 1428 interrogata
603 1365 729 1429 respondit,
743 1381 816 1428 quam

146 1429 209 1493 quod
219 1431 323 1478 nimium
333 1430 413 1484 Attice
425 1431 564 1494 loqueretur.
588 1431 622 1478 Et
631 1430 657 1477 in
669 1429 725 1477 Tito
737 1431 816 1490 Livio,

146 1494 211 1542 ruirae
232 1494 345 1543 facundie
362 1495 420 1553 viro,
442 1502 509 1557 putat
530 1495 603 1542 inesse
625 1494 701 1541 Pollio
717 1495 817 1542 Asinius

146 1559 273 1623 quamdam
284 1561 481 1612 Potovloitotem.
504 1559 592 1618 Quare,
606 1558 685 1606 silleri
695 1567 779 1622 potest,
793 1567 817 1608 et

147 1626 215 1673 verbe
229 1624 315 1686 omnia,
330 1634 352 1674 et
365 1639 419 1684 vox,
432 1625 504 1684 hujus
516 1625 639 1672 alumnum
652 1623 716 1671 urbis
730 1625 816 1688 oleant,

145 1697 174 1738 ut
179 1691 251 1739 oratio
257 1691 366 1740 Romane
373 1691 442 1753 plene
448 1687 561 1749 rideatur,
572 1702 619 1736 nou
625 1687 716 1736 civitate
722 1688 816 1738 donata·

397 1817 514 1866 CAPUT
531 1818 569 1866 II.

180 1945 344 2007 Perspicuitos
356 1946 382 1994 in
392 1946 467 1994 verbis
479 1947 620 2010 precipuum
632 1947 702 1995 hebet
715 1947 819 2022 proprie·

146 2017 233 2060 tatemz
245 2009 285 2058 sed
292 2012 427 2072 proprietas
437 2010 489 2072 ipsa
498 2026 546 2060 non
556 2011 689 2076 simpliciter
699 2012 818 2075 accipitur.

148 2075 242 2126 Primus
252 2074 315 2122 enim
324 2075 455 2123 intellectus
467 2083 502 2124 est
514 2091 558 2126 tua
569 2078 682 2140 cujusque
694 2077 727 2124 rei
738 2079 819 2140 appel-

145 2139 218 2188 latio:
232 2139 280 2204 qui
290 2153 337 2186 non
347 2155 438 2204 semper
448 2139 551 2188 utimum
566 2155 622 2188 nam
633 2149 656 2188 et
666 2142 772 2189 obseoene
782 2143 819 2190 ri·

147 2205 259 2263 tabimus,
270 2211 293 2252 et
301 2205 399 2265 sordida,
412 2213 435 2252 et
441 2205 547 2252 humilia.
564 2207 625 2254 Sunt
631 2215 710 2253 autern
719 2206 820 2256 humilis

148 2267 209 2319 infra
226 2269 362 2332 dignitatem
377 2285 464 2331 rerum,
482 2278 523 2318 aut
536 2269 629 2318 ordinis.
653 2268 683 2318 In
712 2286 743 2318 uo
760 2271 818 2320 vitio

147 2333 258 2392 carendo,
271 2349 319 2386 nou
329 2334 472 2386 medieniter
484 2335 580 2398 quidem
592 2349 667 2382 errare
678 2350 690 2382 s
743 2343 762 2395 t,
776 2336 819 2399 qui

148 2397 235 2457 omnia,
250 2413 303 2461 que
315 2399 406 2447 suntin
419 2415 472 2458 usu,
491 2399 561 2447 etiam
574 2399 593 2446 si
610 2414 685 2450 deuse
696 2399 818 2452 amasius

148 2462 257 2522 postulet,
265 2461 430 2522 reformidant3
443 2471 470 2510 ut
477 2463 525 2523 ille,
534 2462 576 2526 qui
583 2463 608 2508 in
616 2463 705 2510 wdone
712 2465 819 2511 Idsrteae

149 2525 239 2586 hordas,
258 2541 283 2574 se
299 2526 347 2574 solo
364 2526 522 2592 nequidquam
539 2526 691 2588 intelligente,
710 2527 816 2586 dioebat;

148 2587 202 2650 nisi,
215 2589 311 2640 irridens
321 2591 382 2640 hene
392 2591 525 2651 vanitatem,
538 2589 632 2638 Gesner
640 2591 740 2639 &vaus
750 2607 819 2653 rpor-
