1808 2938
220 117 350 174 nusum.
368 117 525 170 ORATOR
539 119 602 171 ΧΠ.
620 123 645 178 7.
719 124 768 174 ³05

90 263 165 319 neque
181 250 295 302 sociorum
308 249 421 315 querelts,
440 265 483 298 nec
501 249 570 300 sinici
587 251 625 300 vel
641 251 765 318 propinqui

89 334 179 378 necem,
190 331 232 366 nec
243 324 363 380 erupturos
372 315 398 364 iu
410 315 577 378 rempublicam
588 316 765 380 conspiratione!

10 417 11 422 =
88 383 177 432 inultus
188 381 289 446 potietur
299 389 391 437 oratore
407 395 454 428 uon
468 394 542 442 punse
554 381 686 430 nocentium
699 383 765 446 cupi.

90 445 333 506 dus‚sedemendsndi
341 445 404 505 vitis,
412 444 584 510 corrigendique
590 461 672 494 mores.
689 447 765 508 Num,

9 561 11 574 ἦ
90 513 133 577 qui
153 512 240 560 ratione
259 510 348 558 traduci
366 510 396 558 sd
417 510 514 558 meliore
529 524 576 558 non
593 519 696 574 possunt,
715 512 764 561 solo

89 585 155 626 mem
171 575 322 624 continentur.
361 575 453 638 Itaque,
469 583 496 621 ut
511 575 674 624 accusatoriam
691 575 763 624 vitum

90 643 175 700 vivere,
184 650 207 689 et
216 639 247 688 sd
257 639 391 688 deferendos
398 653 448 688 reos
458 639 553 702 premio
560 638 623 699 duci,
630 640 763 704 proximum

9 743 11 750 .
88 705 209 754 htrociuio
217 713 268 760 est;
280 702 547 768 itapestemiutestinnm
574 705 763 768 mpulscre‚cum

8 757 10 834 J
88 769 300 836 propugnatoribus
323 768 403 832 pomos
424 783 546 832 compsmn
563 783 613 816 um.
660 769 764 834 Ideoque

87 836 204 900 principes
220 834 244 882 in
257 833 375 897 republicis
389 833 432 880 viri
447 847 494 880 uon
507 833 688 882 detrectaverunt
703 834 764 884 hunc

8 939 9 946 ,
87 901 159 948 officii
174 907 277 962 parterm
302 897 427 961 creditique
443 905 498 946 sunt
513 897 582 946 etism
598 897 654 946 clsri
667 899 764 960 juvenes

86 965 192 1014 obsidem
206 963 338 1028 reipublice
351 962 406 1010 durs
421 963 537 1010 mulorum
552 963 638 1010 civium
654 964 763 1012 accusati·

85 1043 165 1090 enem‚
177 1029 233 1092 quis
242 1043 285 1076 nec
294 1027 368 1076 odisse
378 1027 504 1090 improbos,
515 1041 557 1074 nec
567 1027 696 1076 simultates
708 1043 763 1092 pm-

86 1109 177 1152 uocme,
189 1093 234 1140 nisi
242 1109 271 1140 ex
281 1091 367 1140 fiducie
374 1093 441 1140 bcnae
448 1091 533 1139 mentis
543 1091 686 1140 ridebuntur.
721 1093 763 1142 Iu.

86 1175 134 1224 que
144 1173 198 1207 cum
209 1159 239 1205 ab
250 1157 383 1215 Hortensio,
392 1155 507 1216 Lucullis,
518 1156 629 1220 Sulpicio,
642 1157 763 1220 Cicerone,

85 1225 186 1281 Cessare,
200 1221 307 1286 plurimis
321 1221 381 1280 eliis,
391 1229 443 1268 tum
458 1223 489 1268 sb
502 1228 601 1284 utruque
613 1221 702 1270 Catone
714 1222 762 1271 ssc-

83 1297 138 1337 tum
149 1296 199 1344 eutr
216 1301 317 1350 quorum
328 1285 385 1334 ulter
395 1285 524 1350 appellabis
535 1293 569 1333 est
583 1287 691 1348 Sapiens,
703 1287 762 1335 ulter
788 1347 790 1351 Ι

84 1353 132 1402 nisi
142 1352 242 1402 creditur
251 1350 331 1412 fuisse,
343 1350 383 1400 vix
394 1351 448 1410 sdic,
457 1350 496 1398 cui
505 1350 623 1414 reliquerit
636 1351 708 1413 hujus
718 1367 760 1399 no·

83 1417 249 1466 minislccum.
282 1417 367 1480 Neque
377 1415 669 1472 defendetcmnescmtcn
686 1416 761 1464 idem·

84 1498 133 1547 que
153 1488 247 1545 portum
263 1479 332 1528 illum
352 1479 488 1544 eloquendo
507 1495 554 1528 suoe
573 1480 695 1529 solutorem
712 1496 759 1530 non

84 1547 157 1622 etism
167 1545 247 1610 piratis
255 1544 385 1658 quatefeciet,
396 1543 539 1608 duceturque
548 1544 573 1592 in
587 1544 759 1594 advocetionem

84 1626 190 1662 mumme
200 1625 254 1658 cous
269 1641 276 1656 .

120 1675 240 1736 Quoniam
252 1683 330 1722 tamen
343 1689 430 1735 omnes,
450 1673 550 1738 quinon
564 1672 669 1736 improbe
682 1674 760 1738 litiga-

85 1745 155 1803 bunt,
167 1755 266 1805 quorum
278 1747 338 1788 certe
347 1741 409 1788 buna
418 1755 471 1803 pars
482 1747 525 1797 est,
536 1738 647 1786 sustinere
661 1753 707 1786 nou
718 1755 759 1802 po.

85 1816 131 1858 test
146 1821 217 1865 unus,
233 1804 322 1869 sliquid
341 1803 410 1852 edom
427 1802 638 1852 commendantium
658 1805 760 1866 personis

85 1873 159 1931 dabit,
176 1879 199 1920 et
213 1870 318 1932 ipsorum
334 1869 376 1932 qui
389 1869 477 1930 judicio
492 1867 622 1926 decernent,
633 1877 661 1916 ut
677 1869 760 1932 optimi

86 1938 200 1999 cujusque
214 1935 332 1982 voluntate
343 1942 478 1992 mercatum
495 1947 597 1996 numque
611 1932 654 1981 hos
666 1942 689 1980 et
701 1935 760 1981 erni-

86 2001 189 2050 cissimcs
206 1998 332 2046 virbonus
350 1998 451 2046 hebebit.
496 1997 686 2046 Submovendum
706 2013 760 2046 vero

85 2074 121 2115 est
135 2073 261 2126 utrumque
274 2063 374 2110 ambitus
388 2077 469 2125 genus,
484 2063 521 2110 vel
533 2062 666 2124 potentibus
681 2071 761 2112 contre

85 2129 187 2179 humiles
205 2126 339 2176 veruditcndi
355 2141 448 2190 opernm
465 2142 547 2183 suumc
565 2126 602 2173 vel
614 2126 673 2174 illud
689 2125 759 2174 etism

83 2193 218 2258 jactantius,
231 2191 331 2239 minores
346 2191 428 2255 utique
444 2200 523 2240 contre
538 2190 674 2253 digrritutem
690 2193 759 2239 ottol-

84 2260 157 2310 lendi.
192 2258 248 2306 Non
259 2256 322 2306 enim
332 2257 425 2304 fcmuuc
438 2271 517 2306 cousus
527 2255 565 2304 vel
579 2257 653 2316 justas
664 2256 701 2304 vel
714 2256 760 2304 im.

85 2327 170 2392 pmbus
185 2321 248 2370 facit
280 2321 366 2384 Neque
382 2337 435 2370 vero
450 2321 526 2385 pudor
541 2322 623 2381 obstet,
635 2321 760 2386 quominus

85 2385 375 2452 susceptamcummslior
380 2386 504 2445 videremur,
513 2384 588 2443 litum
597 2385 690 2448 cogniti
699 2385 760 2434 inter

84 2455 210 2506 dicendum
226 2451 355 2515 iniquitute,
372 2451 482 2510 dimittet,
499 2465 553 2498 cum
568 2449 633 2513 prius
648 2451 760 2514 litigatori

85 2520 171 2570 dinem
182 2531 271 2568 vuum.
303 2515 367 2564 Num
380 2523 403 2564 et
414 2516 440 2564 in
451 2515 496 2564 hoc
507 2514 648 2576 murinum,
662 2515 682 2563 si
697 2515 759 2578 sequi

84 2585 173 2648 judices
184 2597 274 2644 sumus,
284 2579 423 2632 bmeicium
433 2589 476 2644 est,
483 2588 511 2630 ut
520 2593 568 2630 non
578 2579 687 2690 iosssrqus
697 2579 759 2630 usui

589 2647 635 2696 21)
