1808 2938
158 75 159 78 '
204 107 336 160 rusum.
353 107 512 159 οιιιιοιι.
529 109 577 160 ιιι.
593 112 617 160 c.
702 109 756 168 asc

72 238 143 296 nitus,
153 238 180 286 in
189 237 285 302 privatis
294 239 385 289 modus.
402 237 441 287 De
450 239 556 302 partibus
569 255 652 298 muse,
666 247 690 288 et
700 253 752 288 sen·

73 303 151 352 tentiis
161 304 291 378 verbisque,
302 319 355 368 quse
368 311 423 352 erint
434 305 580 416 multiplicis,
591 305 699 368 pluribus
714 304 756 352 di.
852 341 855 348 ,

71 367 181 416 cendum
206 367 264 415 'I'nu
279 377 358 416 autem
374 375 481 432 prestere
514 372 565 418 ebet
597 369 751 417 renuntiatios

72 432 190 489 conciliet,
197 433 349 494 persuadeat,
362 439 471 490 movcut,·
488 433 573 497 quibus
583 433 667 481 natust
678 434 752 481 cohe-

72 503 119 554 ret,
130 503 159 542 ut
166 497 236 544 etiam
247 498 347 544 delectet
373 499 514 546 Corwtliotto
524 498 572 546 fere
582 505 623 545 eut
634 512 752 546 commen-

72 559 168 614 datione
175 575 276 620 morum,
289 561 343 624 (qui
355 561 430 609 nescio
444 563 561 626 quomodo
575 577 605 610 ex
616 577 672 610 voce
681 562 751 610 etiam

72 632 147 687 atque
156 625 245 672 actione
255 625 382 688 pelluceut)
393 633 434 672 aut
445 627 553 675 orationis
564 627 683 686 maritate,
696 641 751 674 uon-

72 697 135 736 stat:
149 691 308 751 persuadendi
319 689 354 738 vis
363 689 522 749 affirmatione,
534 707 587 754 que
596 689 688 738 interim
699 692 752 754 plus

72 753 132 816 ipsis
146 754 320 816 probationibus
336 755 404 802 valet.
429 755 471 802 Au
486 758 541 813 istu,
553 755 640 818 (inquit
653 755 752 803 cutidro

73 818 169 873 Cicero)
179 821 201 864 st
212 833 267 865 vcra
278 825 359 872 esseut,
371 820 405 865 u'c
415 833 430 866 α
441 826 463 866 tc
474 821 627 868 dicerentur?
644 828 676 879 et,
689 822 753 868 Tau·
778 851 780 860 ‚

72 889 126 930 tum
140 883 211 939 aden,
226 884 423 944 utinflumcrutrcs
433 891 524 932 uestros
534 886 633 944 unicius,
644 899 753 930 comosum

72 949 123 992 isto
134 947 183 992 luco
193 948 236 992 utu
247 949 386 994 tenebamus.
415 947 512 996 Fiducia
522 949 593 1011 igitur
602 957 718 1012 appareat,
730 957 754 996 et

72 1009 213 1068 constantia,
225 1011 306 1074 utique
316 1011 336 1059 si
345 1011 467 1060 auctoritas
478 1014 562 1060 subest.
585 1015 701 1060 Movendi
711 1027 753 1060 eu·

73 1083 126 1122 tem
141 1073 200 1122 ratio
216 1075 298 1121 autin
315 1076 503 1140 repraesentandis
520 1084 562 1136 est,
576 1086 618 1124 aut
635 1077 753 1125 imitandis

74 1138 208 1186 aii'ectibus.¹
223 1139 295 1202 Ergo,
302 1155 357 1187 cum
365 1140 439 1201 judex
449 1141 475 1187 in
483 1139 586 1204 privatis,
593 1149 634 1188 aut
644 1157 719 1204 prem
727 1141 753 1188 in

72 1202 184 1267 publicis,
196 1203 271 1252 dicere
281 1203 310 1251 de
320 1205 390 1252 causi
404 1205 507 1265 jusserit,
518 1205 599 1254 leniter
615 1219 754 1268 consurgen-

74 1267 151 1316 dum:
164 1275 225 1326 mm,
236 1267 260 1314 in
272 1269 500 1332 componenditogd,
512 1269 549 1318 vel
560 1270 590 1324 (si
600 1283 690 1318 neeesse
700 1269 753 1326 erit)

72 1329 672 1396 etiamexintegroinjmendtuunuxstinjudiun,
680 1334 754 1396 (apud
828 1341 831 1354 ³

93 1395 151 1444 cinci
181 1411 206 1443 m
222 1396 294 1456 enim,
312 1405 336 1446 et
350 1397 496 1460 magistratus
514 1413 541 1446 ec
557 1399 688 1458 tribunalia,
707 1413 755 1446 non

72 1412 158 1508 iicebit
181 1459 279 1524 paulum
290 1470 325 1510 est
335 1461 534 1522 cornmmundum,
545 1471 573 1510 ut
583 1472 607 1510 et
617 1462 714 1510 amictus
724 1462 754 1510 sit

75 1522 204 1584 decentior,
215 1533 240 1572 et
248 1525 353 1588 protinus
367 1525 456 1590 aliquid
471 1527 538 1590 spatii
552 1527 583 1574 ad
596 1526 752 1590 cogitandum.

77 1587 161 1636 Etiam
172 1603 226 1636 cum
243 1589 274 1637 ad
289 1589 390 1650 judicem
407 1605 450 1638 nos
467 1590 653 1646 convenerimus,
665 1599 688 1638 ec
698 1605 756 1644 con-v

76 1652 155 1700 cultus
173 1660 257 1715 pretor
274 1653 402 1718 permiserit
422 1654 504 1714 dicere,
527 1670 574 1702 non
594 1655 699 1718 protinus
719 1663 755 1702 est

76 1715 259 1780 erumpendum,
281 1717 321 1766 sed
339 1717 416 1766 danda
436 1719 511 1767 brevia
529 1719 661 1782 cogitationi
681 1731 755 1782 mora,

77 1780 144 1830 Mire
155 1781 217 1830 enim
228 1781 364 1830 auditurum
374 1781 457 1832 dicturi
467 1799 522 1831 una
534 1783 639 1844 delectet,
650 1791 673 1831 et
681 1781 755 1844 judex

10 1875 11 1884 ι
75 1861 103 1894 se
121 1845 170 1910 ipse
186 1846 310 1910 componit.
335 1845 387 1894 Hoc
403 1847 506 1910 precipit
527 1848 645 1896 Homerus
665 1847 761 1910 Ulyssis-

10 1957 11 1964 ,
77 1911 196 1973 exemplo,
208 1927 277 1972 quem
287 1912 376 1959 stetisse
387 1913 460 1958 ocutis
470 1915 496 1958 to
508 1919 597 1960 terrum
607 1914 697 1976 deficis,
711 1913 760 1966 ἰηι-Ι

10 2015 11 2020 ,
75 1981 186 2034 motoque
196 1982 294 2038 sceptro,
308 1977 381 2037 prius
392 1991 463 2037 quom
473 1979 540 2024 illum
550 1979 685 2038 eloquentie
697 1991 757 2038 pro-

10 2069 12 2096 ;
77 2039 163 2086 cellam
180 2041 315 2098 ffundcret,
337 2039 401 2087 dicit.
430 2041 460 2088 In
478 2041 522 2088 hac
543 2041 686 2089 cunctatione
702 2048 757 2087 sunt

10 2135 11 2164 ,
76 2101 188 2166 quedam
199 2117 247 2150 non
256 2103 394 2162 indecentes,
405 2116 433 2152 ut
443 2105 562 2168 appeliant
575 2105 664 2164 scenici,
676 2117 756 2162 more,

10 2201 12 2230 ,
77 2175 151 2231 eaput
160 2166 270 2225 mulcere,
281 2182 378 2216 menum
395 2167 488 2227 intueri,
499 2169 623 2232 infringere
639 2168 756 2234 artimios,

10 2269 12 2296 ,
77 2230 190 2280 simulare
200 2241 319 2289 conatum,
331 2232 482 2296 suspiratione
494 2233 675 2280 sollicitudinem
681 2231 756 2289 fateri,

77 2302 123 2344 aut
137 2295 200 2358 quud
233 2311 334 2360 nemque
351 2297 425 2360 magis
441 2297 521 2355 decet3
539 2313 611 2361 eaque
627 2296 722 2356 diutius,
738 2295 758 2344 si

74 2359 152 2422 judex
168 2313 273 2408 nondum
288 2360 392 2408 intendet
401 2361 514 2410 animum.
544 2363 625 2410 Status
633 2362 664 2410 sit
673 2369 757 2420 rectus,

10 2463 12 2492 ἶ
77 2423 141 2488 aequi
152 2433 175 2472 et
185 2424 274 2472 diducti
284 2425 381 2486 paulum
392 2425 469 2487 pedes,
481 2426 518 2474 vel
528 2426 651 2490 procedens
661 2425 759 2474 minimo

10 2523 12 2542 ,ι
77 2495 205 2536 momento
217 2489 322 2538 sinister:
339 2505 416 2552 genua
429 2499 498 2550 recte,
517 2491 549 2539 sic
565 2499 695 2549 tumemus
711 2504 758 2537 non

10 2547 12 2624 j
79 2553 250 2601 extendantur:
275 2553 367 2618 humeri
383 2555 480 2613 remissi,
498 2556 577 2602 vultus
594 2569 693 2612 severus,
711 2568 758 2602 non

78 2625 185 2676 mestus,
196 2623 239 2667 rtec
249 2627 353 2682 stupens,
360 2633 403 2667 nec
409 2619 549 2683 languidum
561 2619 655 2674 brachia
663 2635 680 2667 a
689 2620 759 2667 latere

112 2694 178 2729 von.
191 2696 223 2730 ιι.
586 2686 630 2731 21³
