1858 2946
140 124 188 172 1³8
272 121 405 172 nusum
418 119 575 170 ORATOR.
590 119 640 169 lx.
654 120 679 168 3.

133 251 226 311 sinunt,
248 250 309 307 Quis
328 266 366 300 eos
379 227 533 314 postulauit?
555 249 670 313 Appius.-
685 250 745 312 quis
753 263 821 312 pro-

137 317 230 364 iuuit?
253 317 357 378 Appius
392 316 545 378 Quamquam
563 314 609 362 hoo
626 315 764 390 ιιιιιιιριιιιιι
782 315 818 365 su

120 417 123 424 .
137 381 205 430 aliud
216 396 309 444 quoque
322 381 415 430 scheme
428 379 536 442 pertinet,
553 380 619 440 eujus
631 377 698 426 initio
711 379 775 427 inter
791 395 817 428 se

138 445 229 493 etfines
238 444 310 492 udem
321 453 385 504 suut
397 446 555 507 quisetquis,
567 444 663 506 Appius
672 451 696 491 et
706 444 816 506 Appius

138 509 221 574 Quale
232 517 274 569 ost,
294 510 342 566 Qui
357 516 421 568 sunt,
438 524 480 572 qus
473 510 582 573 seelera
598 523 658 570 sepe
670 510 817 570 resperserit?

139 575 365 636 coniugiumue·
387 575 436 630 Qui
447 580 511 633 sunt,
527 576 568 635 qui
581 574 674 620 eruelele
687 575 775 620 bellurn
786 576 818 621 in

136 637 369 701 Italiigesseruuti
394 639 613 700 Carthaginienses.
632 637 682 694 Qui
692 645 758 698 nint
771 641 815 700 qui

137 706 237 753 Italiam
260 703 479 768 deflrrmauernnti
509 704 729 764 Carthaginienses
764 703 817 760 Qui

137 777 203 829 sunt,
219 771 317 831 quiriti
327 771 418 831 ιςιιοιιι
428 768 572 830 postulanti
586 769 812 842 Carthaginienses.

136 833 232 882 Etiam·
225 849 250 880 ιιι
259 833 415 897 contrapositis
423 833 460 881 vel
468 831 638 896 comparativis,
638 829 707 879 solet
714 847 815 894 respon·

136 897 193 946 dere
208 897 336 961 primorum
355 899 479 946 verborum
499 898 589 946 alterna
609 895 722 958 repetitio,
746 898 814 960 quod

135 915 224 1009 modop
223 962 295 1024 hujus
313 978 361 1010 esso
377 962 424 1010 loci
438 961 519 1024 potius
534 961 599 1008 dixi.
624 963 719 1022 Vigiles
735 967 765 1010 tu
783 964 814 1010 de

136 1032 211 1085 nocte,
222 1034 250 1074 ut
261 1029 310 1074 tuis
320 1028 489 1074 consultoribus
501 1027 657 1088 responaeas3
674 1027 724 1084 ille,
735 1033 814 1087 uteo,

137 1105 182 1154 quo
195 1093 304 1148 intendit,
317 1098 410 1140 neature
425 1107 479 1138 ouon
491 1093 597 1139 enereitu
609 1059 745 1153 peruenisit.
777 1094 813 1140 Te

133 1157 264 1218 gallorum,
273 1159 343 1204 illurn
351 1158 512 1216 buccinarum,
522 1162 605 1202 cantus
614 1157 751 1202 exsuscitat.
772 1159 814 1204 Tu

136 1223 251 1269 munem
265 1223 389 1278 instituis‚·
407 1222 447 1268 ille
457 1223 532 1268 aciem
545 1221 656 1268 instruit.
679 1222 718 1268 Tu
731 1235 811 1282 caves,

136 1301 165 1332 ne
176 1288 316 1334 consultores
325 1288 371 1344 tui,
382 1287 430 1341 ille,
443 1301 472 1332 ne
482 1287 550 1332 urbes
559 1291 602 1332 aut
612 1292 701 1344 eastra,
713 1288 811 1348 capian-

136 1355 189 1396 tur
203 1349 248 1401 sed
258 1349 302 1397 hec
313 1319 388 1412 grstii
395 1365 442 1398 non
452 1349 498 1398 fuit
508 1357 628 1398 contentus
638 1357 728 1398 oraton
740 1351 813 1400 vertit

102 1457 106 1464 .
135 1412 163 1459 iu
173 1413 313 1462 contrarium
327 1414 433 1463 eumdem
444 1414 562 1478 figuram·
576 1416 623 1462 llle
639 1421 700 1462 tenet
716 1421 739 1462 et
756 1418 810 1476 scit,

136 1484 164 1525 ιιι
174 1478 277 1526 lautum
288 1481 376 1542 copies
394 1486 430 1541 lu,
444 1487 472 1528 ut
481 1495 548 1542 aque
557 1480 656 1542 pluuioe,
673 1487 809 1527 arceantur.

135 1544 182 1594 Ille
189 1545 330 1592 euercitatus
337 1547 391 1592 est
382 1559 408 1592 nn
416 1545 686 1606 prapagandisstniius,
698 1547 762 1592 tuin
772 1561 812 1593 re-

132 1610 226 1670 geniis.
251 1609 355 1658 Possunt
366 1609 443 1658 media
455 1625 550 1674 quoque
560 1607 699 1673 respondere
709 1609 747 1658 vel
760 1610 810 1674 pri-

136 1673 190 1735 mis,
202 1683 238 1735 ut,

155 1773 282 1820 Tenemus
292 1772 427 1834 Angustia,
439 1769 517 1820 vitrei
528 1778 550 1819 te
560 1773 670 1820 Fucinus
680 1770 746 1820 andi
753 1805 761 1820 .
769 1805 792 1820 ..

133 1874 172 1922 vel
179 1874 277 1935 ultimis,
287 1877 349 1922 Haec
356 1879 427 1924 naues
433 1883 516 1924 onusta
520 1873 607 1938 proeli
614 1877 743 1936 Siciliensi,
753 1892 809 1924 curn

134 1940 186 2000 ipsu
198 1953 288 2000 quoque
298 1946 356 1988 esset
367 1956 397 1988 eu
403 1941 497 2004 proeli.
514 1941 567 1988 Nec
577 1940 702 2004 quisquam
713 1941 808 1990 dubita-

133 2003 177 2063 bit,
193 2003 256 2051 idem
272 2019 339 2080 posse
351 2004 420 2052 fieri
413 2007 500 2054 iteretis
512 2005 630 2068 utrimque
642 2005 733 2052 mediis.
757 2006 808 2054 Re-

134 2069 249 2132 spondent
261 2069 342 2133 primis
353 2078 376 2118 et
385 2071 478 2129 ultima,
492 2071 573 2118 Multi
584 2077 607 2117 et
616 2085 704 2132 graves
717 2071 808 2119 dolores

133 2134 376 2196 iuventiparentibus,
388 2141 410 2182 et
417 2134 560 2198 propinquis
568 2136 645 2182 multi
662 2133 807 2184 Estetillud

132 2199 251 2274 repetendi
265 2215 347 2264 genus,
364 2199 427 2266 quod
440 2199 511 2248 semel
524 2199 643 2264 proposita
653 2199 721 2247 iteret
735 2207 758 2248 et
770 2200 808 2266 (ιι-

132 2262 157 2310 vi
156 2263 199 2325 dit,

165 2362 263 2420 Ipltltus
273 2369 296 2408 el
307 2363 389 2408 Pelius
400 2376 501 2420 neecum,
512 2376 612 2422 quoram
622 2363 720 2422 Iplsitus
731 2377 781 2410 suo

165 2425 225 2469 June
233 2427 344 2484 grauior,
356 2427 439 2472 Pelias
449 2433 472 2474 et
483 2427 579 2472 uulnere
589 2427 672 2472 lardus
687 2427 790 2487 ulyssei.

60 2569 63 2575 .
132 2520 195 2564 Επαν
196 2517 241 2569 otor
253 2517 340 2565 dicitur
347 2519 436 2577 Graes,
449 2519 522 2567 nostsi
534 2522 705 2596 regressionem
715 2530 808 2569 voosnt·

134 2580 186 2627 Nec
203 2580 302 2628 solum'
294 2595 320 2627 sn
337 2581 419 2628 eodem
431 2597 509 2641 sensui,
525 2583 566 2630 ssd
582 2583 653 2630 eiiam
665 2584 691 2631 in
704 2584 806 2644 divano,

133 2643 213 2693 eadem
224 2645 294 2692 verbs
303 2652 383 2693 contre
392 2655 526 2707 sumuntur,
540 2649 688 2710 Principum
697 2649 809 2710 dignitas
