1858 2946
143 97 175 144 ca
260 93 389 146 mauro.
408 93 566 163 ouAroa
583 89 659 142 vm.
676 89 703 138 c.-

142 231 230 274 veteres
241 225 288 274 noir
300 227 432 273 utebantur.
457 223 501 272 Ad
511 237 583 286 quam
594 237 670 287 usque
680 233 722 269 noa
733 220 828 270 vocalia

142 293 300 338 vetustatam?
324 291 399 348 Nam,
417 289 437 337 si
455 289 485 336 ad
502 288 568 335 illam
585 295 723 344 extremam,
742 285 823 334 multa

142 353 320 412 Demosthenes,
329 371 383 418 qua
390 363 444 401 ante
452 369 506 402 eum
514 367 590 400 nano.
608 350 735 411 Quomodo
743 357 824 412 potest

143 419 278 467 Ciceronem
288 421 393 483 probare,
405 419 447 482 qui
457 418 517 464 nihil
527 426 594 480 putet
604 433 633 465 ex
645 417 735 464 Catone
746 415 823 462 Grac-

143 483 238 548 chisque
248 484 407 532 mutandum?
430 482 476 532 Sed
487 483 592 530 antehoc
603 481 730 544 simplicior
740 479 821 527 adhuc

143 548 254 612 loquendi
264 550 322 597 ratio
332 549 385 596 fuit.
408 547 462 610 Ego
472 561 526 596 vero
536 548 586 596 haec
596 545 688 594 lumina
698 544 820 602 orationis,

143 613 208 662 velut
224 614 302 662 oculca
321 613 435 678 quosdam
452 627 500 660 ease
516 611 653 676 eloquentia
670 609 746 658 credo.
771 607 821 656 Sed

143 680 304 792 ἒέἶῗὲῗέἓί
312 677 808 806 alwinum·

142 823 192 856 rem
210 809 279 856 illum
297 808 415 855 horrorem
434 806 525 854 dioendi
543 807 634 866 malim,
656 820 729 867 quam
747 804 820 851 iatam

142 887 228 921 novam
248 873 372 920 licentiam
400 871 447 920 Sed
465 879 529 934 patet
544 871 622 918 medic
640 869 750 933 quadam
769 868 819 929 via,

142 937 211 992 sicut,
226 937 251 984 in
262 937 327 985 cultu
338 937 455 1000 victuque,
469 935 562 984 accessit
574 933 659 998 aliquia
671 934 728 981 citra
738 948 821 997 repre-

142 1001 278 1049 hensionem
288 1002 357 1061 nitor,
371 1016 451 1065 quem,
466 1001 526 1048 sicut
536 1015 668 1062 possumus,
679 998 820 1060 adjiciamus

143 1065 275 1115 virtutibus.
302 1066 371 1114 Prius
383 1075 461 1113 tamen
472 1065 509 1124 ait,
521 1065 582 1112 vitiis
592 1078 685 1112 carerea
702 1077 741 1123 ne,
757 1062 819 1110 dum

143 1131 252 1180 volumus
265 1147 313 1179 esse
325 1131 431 1178 meliores
441 1129 564 1189 veteribus,
579 1129 651 1176 aimus
665 1135 759 1174 tanturn
770 1127 820 1175 dia-

144 1195 237 1244 cimiles.
262 1196 370 1244 Reddam
380 1209 451 1254 nuuc,
465 1209 537 1257 quam
548 1193 680 1255 proximam
691 1207 739 1240 esse
750 1191 820 1239 dixe-

142 1276 202 1319 ram,
214 1269 304 1324 partam
312 1262 339 1308 de
347 1262 431 1322 tropis,
443 1273 502 1322 quoa
513 1265 590 1306 motae
599 1256 718 1306 clarissimi
726 1265 819 1304 nostro-

142 1339 197 1372 rum
214 1332 317 1373 auctores
331 1333 421 1373 vocant.
444 1325 538 1372 Horum
555 1322 644 1370 tradem
660 1328 777 1384 precepta
793 1329 819 1368 ct

142 1389 287 1452 grammatici
298 1389 378 1437 solent.
394 1388 440 1437 Sed
451 1405 466 1436 a
473 1404 519 1448 me,
532 1403 586 1436 cum
597 1387 627 1435 de
634 1385 729 1434 illorum
740 1384 819 1432 officio

142 1453 256 1518 loquerer,
267 1453 339 1502 dilata
345 1470 399 1519 para
406 1453 456 1502 hac
464 1461 506 1512 eat,
516 1452 609 1516 quiade
617 1459 699 1500 ornatu
707 1448 819 1498 orationis

142 1517 232 1581 gravior
243 1518 363 1568 videbator
373 1520 446 1579 locus,
458 1527 481 1566 et
490 1517 574 1579 majori
584 1515 647 1582 operi
657 1513 793 1565 servandus.

284 1629 287 1638 '
386 1648 503 1700 curor
520 1647 568 1722 vr.

177 1782 271 1843 Tropm
281 1786 316 1828 cat
327 1780 391 1827 verbi
404 1781 443 1826 vel
454 1780 568 1826 aeremia
582 1791 598 1825 a
608 1774 712 1842 proprii
723 1777 819 1839 »ἅρπῃ

140 1847 231 1892 catione
241 1848 269 1891 ln
279 1847 353 1891 allam
365 1859 420 1890 cum
431 1845 521 1891 virtute
531 1845 640 1891 mutatio.
663 1842 732 1891 cuca
743 1857 816 1904 qun

140 1908 308 1970 inexplicabilia
324 1917 347 1956 et
363 1908 520 1970 grammaticis
535 1909 596 1955 inter
611 1908 683 1970 ipsos,
700 1915 723 1954 et
738 1905 818 1968 philo-

141 1973 228 2036 sophia,
239 1987 320 2047 pugna
330 1980 435 2046 eantque
445 1973 491 2047 aiut
500 1987 592 2035 gmcra,
604 1988 658 2036 quoe
668 1971 762 2046 species,
773 1969 817 2034 qui

140 2052 260 2098 numerus,
278 2053 330 2100 quia
346 2051 384 2084 cur
400 2038 542 2098 aubjrcratur.
568 2037 629 2096 Nos,
646 2036 745 2094 omisca,
762 2050 817 2098 qua

140 2103 200 2150 nihil
218 2103 249 2150 ad
265 2101 428 2150 instruendum
446 2109 558 2149 oratorem
575 2101 698 2165 pertinent,
720 2099 817 2149 cavilla-

140 2168 250 2228 tionibus,
262 2167 398 2215 necessarios
408 2165 513 2214 maxime
522 2175 593 2229 atque
600 2167 625 2213 in
633 2181 704 2214 usum
712 2172 816 2227 receptos

139 2247 169 2280 ex
211 2247 309 2288 uemur;
329 2231 372 2280 hoc
386 2231 457 2279 modo
472 2230 497 2277 in
513 2230 550 2278 hia
566 2231 687 2278 annotinae
705 2229 817 2289 contenti,

140 2249 254 2361 qufflffl
276 2297 351 2360 gratii
372 2297 562 2359 fignificctionia,
582 2295 696 2359 quosdam
715 2295 816 2353 decoris,

140 2361 242 2418 aaaumi3
267 2370 290 2409 et
307 2378 355 2410 esce
372 2361 429 2408 alios
448 2361 473 2407 in
491 2360 565 2408 verbis
578 2361 697 2421 propriis,
716 2358 774 2406 alios
791 2358 817 2408 in

140 2427 281 2482 tramlutle3
298 2429 404 2488 vertique
410 2427 516 2488 formos,
530 2438 578 2472 non
593 2426 719 2470 verborum
734 2422 816 2480 modo,

140 2488 182 2536 aed
204 2497 227 2536 et
248 2505 368 2551 amanum,
391 2499 415 2538 et
436 2488 617 2551 compositionis.
645 2487 733 2547 Quare,
756 2486 818 2534 mihi

139 2551 247 2601 videntur
263 2553 357 2613 emisse,
374 2553 416 2618 qui
432 2567 479 2601 nou
495 2551 552 2599 alios
567 2551 713 2599 crediderunt
727 2559 764 2598 tro

139 2631 212 2679 quam
222 2617 248 2666 iu
259 2618 345 2683 quibua
356 2619 454 2668 verbum
468 2631 512 2679 pro
523 2617 593 2664 verbo
607 2623 737 2678 poneretur.
790 2631 817 2664 a·
