1856 2948
242 121 371 173 INSTIT.
388 117 544 173 ORATOR.
558 117 592 172 X
611 123 633 171 l.
723 122 770 171 lte

96 250 177 300 tentiis
197 254 283 311 creber,
300 252 342 301 sed
362 253 440 306 minus
456 269 556 317 pressus,
576 265 648 317 quem
668 249 770 300 historia

95 317 222 366 auctoritas
231 319 339 382 postulat·
358 317 447 378 Quam,
459 319 557 382 paulum
565 325 631 365 atate
639 315 770 380 precedens

96 397 163 440 eum,
175 385 266 430 Burrus
277 384 389 444 Aufidus
399 383 498 446 egregie,
508 383 590 446 utique
599 382 624 428 in
635 381 699 429 libris
713 380 769 429 belli

100 447 243 506 Germanici,
258 448 370 510 prestitit,
385 463 467 510 genere
477 448 528 510 ipsc
538 446 663 511 pmbsbilis
680 445 704 492 in
717 461 770 493 om-

98 511 178 571 nibus,
195 512 242 570 scd,
257 513 282 559 in
297 511 444 576 quibusdam,
458 511 506 560 suis
518 511 567 575 ipse
583 511 669 559 viribus
684 510 768 557 minor.

98 575 209 638 Superest
218 577 301 636 adhuc,
311 586 334 624 et
341 585 437 624 exornat
447 577 520 624 atatis
527 585 610 623 nostro
620 575 726 640 gloriam,
734 575 770 622 vir

100 641 237 688 secubrum
254 641 366 689 memorii
376 641 470 703 dignus,
481 641 523 704 qui
533 639 589 688 oiim
602 639 768 698 nominsbitur,

99 717 163 752 nuuc
170 705 312 769 intelligitur.
338 706 417 752 Habet
427 715 547 764 amatores,
558 719 600 752 nec
609 703 769 778 [imitatores]

96 775 126 814 ut
139 768 240 831 libertas,
257 785 400 833 quamquam
415 769 553 817 circumcisis
568 785 620 832 quoe
631 767 732 827 dixisset,
748 781 770 814 er

97 834 208 880 nocuerit.
242 835 288 882 Sed
298 834 384 882 elatum
398 833 490 881 abunde
505 833 621 897 spiritum,
633 841 656 881 et
672 833 770 880 eudsces

100 898 233 957 mutentim,
251 897 405 962 deprehendes
422 897 491 946 etism
508 898 533 944 in
550 897 578 945 iis
596 913 649 962 qnae
666 905 770 946 manent.

97 961 161 1008 Sunt
171 970 194 1008 et
204 963 243 1008 alii
254 963 371 1024 scriptores
381 963 450 1012 bonit
467 962 507 1010 sed
517 975 559 1010 nos
569 977 653 1026 geum
663 961 771 1026 degusta·

99 1039 162 1078 mus,
175 1041 221 1074 non
232 1027 379 1075 bibliothecas
389 1027 525 1074 excutimus.

142 1089 250 1138 Oratores
260 1107 313 1139 vero
324 1091 360 1139 vel
370 1091 484 1156 praecipue
494 1091 604 1138 Letinmr
614 1090 769 1154 eloquentiam

101 1169 182 1217 parem
192 1155 265 1204 facus
273 1156 359 1203 Grata
369 1164 472 1218 possunt.
505 1155 569 1204 Nam
578 1157 712 1204 Ciceronem
720 1155 770 1202 cui·

101 1233 201 1283 cumque
217 1235 297 1268 eorum
318 1219 405 1267 fortiter
420 1221 574 1284 opposuerim.
607 1220 658 1268 Nec
679 1220 769 1282 ignora

101 1292 212 1346 quantam
223 1285 282 1332 mihi
292 1285 403 1332 concitem
415 1299 528 1348 pugnam,
544 1300 597 1332 cum
608 1284 733 1350 presertim
744 1283 769 1331 id

101 1361 148 1395 non
159 1349 188 1396 sit
195 1349 314 1413 propositi,
326 1357 353 1396 ut
363 1365 416 1396 curn
423 1351 575 1398 Demostheni
585 1364 716 1412 comparem
726 1349 771 1396 hoc

100 1418 217 1475 tempore:
235 1429 251 1460 n
281 1429 311 1461 ue
318 1413 378 1462 enim
390 1414 480 1474 attinet,
491 1429 545 1462 curn
553 1414 733 1463 Demosthenem
743 1413 770 1460 in

101 1476 182 1539 primis
203 1478 269 1540 legen
286 1493 335 1536 um,
356 1478 393 1526 vel
411 1478 559 1526 ediscemum
579 1479 656 1542 potius
678 1487 767 1542 putem.

100 1539 210 1598 Quorum
221 1557 263 1604 ego
271 1542 365 1590 virtutos
375 1543 496 1607 plerasque
506 1543 602 1590 arbitror
609 1543 703 1600 similes,
715 1557 770 1588 con-

101 1604 190 1666 silium,
213 1605 315 1654 ordinem
337 1607 461 1668 dividendi,
484 1607 635 1671 preparandi,
657 1605 770 1669 probandi

98 1671 221 1730 rationem,
232 1672 310 1718 omnia
320 1671 427 1736 denique,
439 1688 492 1736 qun
503 1681 557 1720 sunt
567 1671 711 1719 inventionis.
739 1671 770 1716 In

101 1733 230 1798 eloquendo
247 1745 282 1784 est
299 1736 377 1800 aliqua
395 1737 529 1785 ffivmutost
553 1736 643 1784 densior
661 1735 710 1795 ille,
732 1734 771 1782 hic

99 1799 224 1862 copiosior3
241 1801 280 1849 ille
289 1801 404 1848 concludit
414 1801 551 1861 adstrictius,
562 1800 692 1857 hiclatins3
709 1815 770 1863 pug-

99 1872 142 1909 nat
151 1863 190 1910 ille
200 1865 307 1912 acumine
317 1881 414 1928 semper,
427 1865 465 1912 hic
475 1865 607 1930 frequenter
617 1873 640 1912 et
652 1865 769 1928 ponderet

98 1926 135 1974 iili
146 1927 204 1975 nihil
214 1929 303 1976 detrahi
312 1937 395 1994 potest,
406 1929 462 1978 huic
471 1930 531 1977 nihil
545 1929 629 1991 sdJici;
647 1945 707 1978 curae
717 1930 771 1992 plus

98 1989 124 2036 in
136 1991 185 2052 illo,
197 1993 222 2039 in
232 1994 275 2041 hoc
285 2003 380 2042 nature.
414 1994 506 2042 Saltous
517 2003 584 2054 cette,
596 1994 770 2042 etcommisern-

99 2055 172 2115 tione,
188 2057 240 2120 (qui
250 2058 295 2106 duo
305 2058 434 2120 plurimum
445 2059 539 2107 affectus
550 2059 637 2120 valent)
650 2058 771 2106 mucimus.

98 2119 238 2168 Eciortasse
248 2122 349 2185 epilogos
359 2122 395 2169 iili
405 2139 455 2170 mos
466 2123 563 2172 civimtis
579 2123 713 2170 absttderitt
731 2121 771 2168 sed

99 2193 124 2232 et
134 2186 200 2232 nobis
218 2186 267 2246 ills,
285 2203 338 2250 quae
352 2187 428 2234 Attici
446 2187 568 2248 mirantur,
587 2187 676 2234 diversa
690 2184 771 2233 Latini

99 2251 212 2298 semronis
223 2251 280 2298 ratio
290 2251 369 2298 minus
382 2252 517 2315 permiserit,
552 2251 583 2299 In
601 2251 702 2314 epistolis
717 2249 781 2313 qui-¹

99 2313 164 2372 dem,
173 2329 316 2378 quemquam
327 2325 382 2364 sunt
391 2316 519 2380 utriusque,
530 2316 596 2362 nulla
606 2315 720 2362 contentio
728 2321 771 2362 est.

101 2377 239 2427 Cedendum
256 2395 309 2428 vero
326 2381 351 2427 in
368 2380 412 2428 hoc
426 2380 529 2444 quidem,
546 2380 609 2444 quod
623 2380 662 2427 ille
673 2388 696 2428 et
712 2378 774 2442 prior

13 2497 15 2500 v
99 2441 156 2500 fuit,
176 2453 200 2492 et
218 2459 246 2492 ex
264 2444 351 2506 magni
369 2447 433 2508 perte
448 2445 591 2504 Ciceronem,
609 2453 710 2508 quantus
729 2451 771 2502 est,

97 2501 161 2556 iecit.
194 2509 259 2556 Nam
269 2509 328 2556 mihi
339 2509 428 2556 videtur
439 2510 476 2557 M.
483 2509 585 2570 Tullius,
597 2525 650 2557 cum
662 2525 686 2556 se
696 2517 772 2555 totum

99 2571 132 2618 od
142 2571 294 2620 imitationem
305 2573 440 2621 Graecorum
448 2574 589 2634 contulisset,
601 2573 716 2620 effinxisse
723 2571 778 2618 vim·

98 2635 273 2698 Demosthenis,
280 2637 371 2701 copiam
381 2637 495 2701 Platonis,
501 2637 672 2700 jucunditatem
684 2637 772 2684 Isocra·
