1808 2938
212 96 343 153 tusrrr.
360 71 517 148 oneror.
534 97 583 150 ιιι.
598 100 623 148 e
702 97 752 156 ιιι

80 227 150 276 bodio
161 231 185 274 te
194 227 248 274 tusc
256 239 346 274 'necros
361 229 518 276 comedissent.
540 229 664 277 quutur
674 235 698 274 et
707 226 753 274 hu·

81 291 157 340 meris
174 289 238 354 quod
252 291 335 340 vitium
349 291 517 341 Demosthenes
531 293 565 340 ita
578 291 662 340 dicitur
674 305 753 338 emen·

81 355 160 416 disse,
170 363 206 414 ut,
217 369 271 403 cum
280 355 306 402 in
316 371 346 404 sn
425 357 526 420 quodum
540 357 631 420 pulpito
642 365 704 404 stans
716 355 754 402 di-

81 427 154 478 ceret,
162 419 227 468 busta
234 419 331 468 humero
413 419 623 477 densimmiueret3
641 419 705 478 u't,si
716 434 754 466 ce·

82 484 133 532 lore
143 483 233 531 dicendi
238 483 310 532 vitare
319 483 345 531 id
352 485 481 546 excidisset,
488 485 636 534 offensatione
643 484 684 534 int
691 497 754 531 com·

83 557 224 602 monsieur.
242 548 413 596 Ambulsntem
429 549 494 613 loqui
510 551 543 596 ita
558 549 653 597 demum
664 556 754 612 oportet

83 611 110 658 in
121 612 195 660 cauus
205 611 311 675 publicis,
322 613 352 688 in·
362 613 448 688 quibus
463 613 532 661 multi
548 621 602 661 sum
615 613 712 674 judices,
724 611 753 670 si,
850 621 857 634 “

82 805 170 866 rejecti
179 805 205 852 in
214 804 339 852 humerum
350 806 414 868 tegi,
425 821 480 854 eum
495 806 577 856 dextri
593 807 670 854 einum
681 819 755 868 usque

83 869 115 928 ed
135 870 229 918 lumbos
249 867 399 930 reduxerunt,
421 871 513 918 sinistri
532 880 625 934 gestum
646 865 755 918 facientes

83 933 223 996 spsdsuurr,
242 941 266 981 et
282 933 431 991 fabulenturr
456 951 509 984 cum
527 935 597 983 etism
617 935 701 983 levem
718 948 755 981 re·

83 996 197 1059 stringere
206 997 296 1060 prolati
307 998 402 1062 longius
415 999 497 1047 dextris
507 999 537 1046 sit
547 1000 659 1048 odiosum.
687 997 756 1047 Unde

83 1075 189 1121 moneor,
198 1069 262 1110 utne
272 1061 296 1108 id
321 1062 400 1110 uidem
410 1072 534 1120 uersam,
544 1063 686 1128 ineptissime
696 1061 754 1120 fieri,

81 1139 149 1186 eum,
160 1125 220 1174 intes
227 1139 303 1174 mores
336 1127 482 1185 udetionum,
490 1136 532 1176 sut
538 1128 563 1174 in
569 1141 648 1176 eurem
657 1127 755 1187 alicujus

82 1189 220 1253 loquuntm,
232 1199 273 1238 eut
284 1206 338 1238 curu
347 1191 464 1240 sodalibus
471 1194 586 1254 joeentur,
598 1199 639 1240 aut
648 1205 757 1239 nonnun-

101 1269 158 1302 uem
168 1255 198 1302 ed
207 1255 312 1304 librarios
325 1270 378 1304 suos
392 1256 426 1304 ite
442 1257 574 1320 respiciunt,
584 1265 613 1304 ιιι
629 1255 757 1320 sportulam

83 1270 171 1370 dtus
181 1319 309 1368 videantur.
326 1320 437 1368 Inclinsri
447 1321 477 1368 ud
485 1321 596 1382 judicem,
605 1336 659 1369 cum
666 1319 756 1378 doceu,

85 1382 168 1446 utique
184 1383 204 1430 si
219 1383 251 1438 id,
270 1383 299 1430 de
316 1399 363 1448 quo
380 1385 490 1448 loqueris,
501 1386 531 1434 eit
544 1385 670 1443 obscurius,
682 1383 754 1433 decet·

86 1447 226 1496 Incumbere
235 1447 344 1496 advocato
354 1449 453 1497 &versis
464 1449 577 1498 subselliis
591 1449 687 1509 sedenti,
702 1462 758 1496 oon-

86 1510 237 1560 tumeliosum
248 1521 289 1560 est.
305 1513 423 1560 Reclinuri
433 1513 503 1562 etism
513 1514 610 1572 edsuos,
619 1513 758 1561 etmsnibus

86 1575 206 1636 sustineri,
217 1575 262 1624 uisi
277 1577 346 1639 plene
361 1579 424 1638 juste
442 1577 547 1642 fatigatio
563 1585 605 1636 est,
617 1577 758 1632 delicatum
847 1631 850 1640 ,

86 1638 150 1700 sicut
159 1640 238 1702 pulum
249 1641 346 1700 moneri,
355 1641 486 1702 excidentis,
499 1651 540 1690 eut
549 1641 631 1704 legere.
648 1641 760 1704 Namque

85 1703 115 1758 in
125 1703 162 1750 bis
173 1703 281 1752 omnibus
292 1713 314 1752 et
320 1705 356 1754 vis
366 1705 407 1752 ills
418 1705 509 1754 dicendi
515 1705 619 1763 solvitur,
627 1713 650 1753 et
658 1703 760 1768 frigescit

89 1766 194 1827 effectus,
201 1777 225 1816 et
232 1769 306 1829 judex
315 1785 400 1832 parurn
406 1771 450 1818 sibi
459 1770 562 1833 prestari
570 1769 700 1818 reverentie
711 1783 760 1816 cre-

87 1831 133 1890 dit.
157 1832 268 1880 Transire
282 1833 307 1879 in
324 1833 414 1882 diverse
429 1835 545 1894 subsellis,
557 1849 640 1898 perum
651 1847 760 1882 verecun-

90 1895 150 1942 dum
160 1905 202 1944 est.
230 1897 295 1945 Nam
305 1905 329 1944 et
340 1897 434 1946 cassius
444 1901 541 1948 severus
552 1901 641 1946 urbane
651 1898 760 1946 adversus

89 1959 135 2019 boe
146 1959 253 2008 facientes
262 1961 349 2008 lineam
358 1963 469 2024 poposcit.
497 1962 531 2010 Et
541 1962 560 2010 si
570 1961 695 2026 aliquando
706 1976 762 2010 son·

90 2023 161 2082 citste
170 2023 226 2083 itur,
237 2039 358 2088 uunquam
368 2039 415 2072 uon
425 2025 508 2089 frigide
518 2027 612 2074 reditur.

124 2087 214 2146 Mults,
225 2103 255 2136 cx
265 2089 293 2138 iis
303 2105 356 2152 quae
366 2089 519 2152 precipimus,
530 2091 616 2138 mutari
628 2105 718 2138 necesse
729 2098 763 2139 est

88 2151 164 2200 abiis
181 2153 223 2216 qui
241 2153 321 2201 dicunt
337 2153 400 2216 apud
416 2155 547 2202 tribunalia.
566 2155 630 2202 Nem
647 2163 671 2202 et
683 2154 763 2202 vultus

89 2215 194 2276 erectior,
212 2225 239 2264 ut
256 2232 319 2278 eum,
337 2217 400 2281 apud
417 2233 488 2281 quem
506 2218 597 2278 dicitur,
618 2227 718 2280 spectet3
741 2227 764 2266 et

88 2288 180 2344 gestus,
191 2289 219 2329 ut
235 2281 266 2328 sd
282 2281 389 2330 eumdem
407 2281 511 2342 tendens,
526 2282 606 2330 elutior
620 2283 657 2342 sit,
675 2297 765 2331 necesse

90 2353 134 2404 est,
147 2354 170 2392 et
180 2345 233 2406 olio,
244 2361 298 2409 quoe
310 2360 433 2405 occurrere,
445 2347 514 2394 etiem
527 2361 565 2394 me
582 2355 678 2406 tecente,
689 2347 765 2394 omni·

88 2411 136 2462 bus
151 2418 255 2474 possint.
281 2410 390 2473 Itemque
406 2413 436 2459 ab
453 2411 489 2470 iis,
507 2411 549 2474 qui
567 2409 669 2460 sedentes
684 2419 765 2474 egunt.
783 2412 785 2416 ’

91 2474 158 2522 Nem
169 2483 194 2523 et
208 2473 256 2522 fere
272 2473 300 2521 fit
313 2473 357 2522 hoc
373 2476 399 2522 iu
415 2477 485 2524 rebus
500 2475 644 2532 minoribuse
662 2483 685 2524 et
694 2475 765 2524 iidem

89 2537 301 2658 {ismiel}
308 2539 766 2668 “tttptt‘ttttttrtt
