1856 2948
237 145 367 198 Insunt
384 145 540 196 ORATOR·
558 145 591 196 X·
608 148 633 195 3.
724 149 772 198 209

99 284 129 326 nt
138 275 197 325 mibi
209 276 325 324 remittere
336 273 413 340 potius
424 277 530 339 voluptas
542 277 587 324 ista
596 275 701 325 videatur
713 277 775 340 cogi-

99 341 300 404 tationem‚quam
308 340 431 388 intendere.
459 341 627 389 Demosthenes
634 341 725 400 melius,
734 342 776 405 qui

100 423 127 455 se
143 406 168 452 in
180 407 267 465 locum,
282 421 311 452 ex
324 421 370 469 que
382 405 448 453 nulla
460 405 563 453 exeudbi
576 421 630 464 vox,
648 415 671 454 et
686 421 776 470 exque

101 469 164 517 nihil
173 469 271 534 prospici
281 477 365 532 posset,
376 469 520 528 recondebat,
527 485 556 518 ne
562 470 626 517 aliud
634 485 700 533 egere
710 486 776 518 men·

102 541 153 582 tem
166 542 271 597 cogerent
281 534 349 582 oculi.
380 533 483 598 Ideoque
495 534 642 582 lucubrantes
658 534 775 583 silentium

103 598 186 656 noctis,
196 599 329 646 uclausum
337 598 478 659 cubiculum,
488 609 511 647 et
518 598 597 647 lumen
606 613 689 659 unum,
702 597 778 662 [velut

103 671 174 711 tectos
197 663 391 710 meximeteneet.

138 729 155 776 S
185 761 193 786 ,
207 741 261 774 cum
273 727 375 775 inomni
388 727 516 775 studiorum
531 743 621 791 genere,
635 737 686 776 tum
700 727 724 776 in
734 727 779 776 hoc

16 839 17 844 ,
103 791 228 856 praecipue,
239 793 301 839 bone
310 791 425 851 valetudo,
438 807 535 856 quoeque
546 808 596 840 eam
607 792 710 840 maxime
720 808 779 856 prm-

105 865 161 916 stat,
168 855 296 918 frugalitas,
307 857 431 904 necessaria
442 865 476 905 est
482 875 490 914 3
507 871 561 904 cum
572 865 684 922 tempore,
692 859 721 906 ub
729 857 780 920 ipsi

16 945 18 974 1
105 935 187 968 rerum
198 920 281 968 naturi-
289 919 318 966 ed
329 920 430 984 quietem
439 921 583 970 refectionem
601 938 631 970 ue
641 922 706 970 nobis
717 922 779 980 data,

16 1027 18 1038 ,
105 983 390 1032 inacerrimumleberem
398 986 557 1034 convertimus.
610 987 780 1034 uitamennon

106 1047 164 1112 plus
180 1047 327 1122 irrogandum
341 1058 383 1109 est,
398 1065 474 1126 quam·
484 1051 645 1126 quodtsomno
661 1051 780 1126 supererit,

107 1111 257 1160 heuddeerrt
283 1113 369 1162 Obstat
379 1129 442 1162 ennn
452 1113 577 1178 drlrgentrae
587 1115 700 1163 scnbendr
711 1124 780 1164 enam

106 1177 226 1240 fatigatio:
249 1185 273 1224 et
282 1177 382 1238 abunde,
390 1178 409 1226 si
417 1189 489 1239 vacet,
498 1179 556 1228 lucis
567 1195 577 1227 s
608 1179 640 1226 tia
651 1177 781 1226 sufficiente

16 1269 18 1300 ;
106 1249 230 1316 occupatos
239 1241 264 1288 in
268 1250 361 1316 noctem
367 1243 487 1292 necessitas
493 1245 548 1318 ugit.
605 1244 782 1291 attamenlucu-

16 1337 18 1366 2
107 1307 192 1366 bruno,
210 1315 300 1370 quones
317 1305 348 1353 ud
364 1321 415 1354 eum
431 1307 516 1370 integri
530 1323 558 1356 ac
574 1308 652 1356 refecti
666 1307 781 1368 venimus,

107 1371 225 1432 optimum
235 1369 316 1418 secreti
325 1385 405 1432 genus.
437 1371 484 1420 Sed
490 1371 607 1420 silentium
615 1381 638 1420 et
645 1377 751 1433 secessus,
761 1380 784 1420 et

108 1435 215 1498 undique
226 1434 285 1482 liber
296 1435 394 1490 anirum,
408 1443 435 1482 ut
447 1444 502 1484 sunt
513 1437 615 1484 maxime
629 1436 738 1500 optanda,
750 1436 783 1484 ita

16 1503 18 1526 1
110 1513 160 1547 nen
168 1513 258 1560 semper
267 1507 364 1561 possunt
371 1499 515 1562 contingere:
533 1500 684 1564 ideoquenon
695 1501 782 1560 statim,

111 1563 133 1612 si
146 1563 204 1626 quid
213 1563 334 1636 qbrtrepet,
346 1563 469 1624 abjiciendi
481 1563 567 1612 codices
580 1573 655 1623 erunt,
668 1573 691 1612 et
704 1564 784 1638 deple-

111 1625 266 1676 randuedres:
279 1626 579 1690 aerumineommodisrepu
613 1627 709 1688 andum,
717 1627 785 1676 ethre

16 1723 17 1750 2
109 1690 231 1741 faciendus
241 1705 306 1752 usus,
316 1699 344 1738 ut
354 1691 440 1753 omnia,
449 1707 502 1756 quae
511 1692 543 1740 im
591 1693 650 1752 bnt,
662 1692 739 1740 vincat
748 1692 785 1739 in·

16 1787 17 1816 ;
109 1756 198 1804 tentius
216 1770 288 1820 quam
299 1755 318 1804 si
329 1755 377 1807 toti
387 1765 464 1804 mente
473 1757 499 1804 in
509 1771 567 1820 opus
579 1757 657 1820 ipsum
667 1756 785 1818 direxeris,

109 1821 172 1870 nihil
188 1835 276 1881 eorum,
293 1835 346 1884 quae
361 1821 433 1869 oculis
448 1821 485 1869 vel
503 1822 597 1870 auribus
613 1821 738 1882 incursant,
756 1821 786 1870 ed

112 1885 220 1938 animum
234 1883 357 1948 perveniet.
396 1885 438 1933 An
451 1901 503 1934 vero
515 1887 645 1962 frequenter
658 1887 726 1934 etiem
740 1885 787 1934 for·

16 1985 17 1988 ,
112 1949 175 1997 tuin
184 1949 229 1996 boc
240 1949 346 2012 cogitatio
358 1958 457 2014 praestat,
468 1959 496 1998 ut
508 1953 586 2000 obvios
598 1966 645 1998 non
658 1951 786 2012 videamus,

112 2022 138 2064 et
152 2013 233 2060 itinere
245 2013 391 2074 deerremus;
410 2029 458 2064 non
470 2030 635 2080 consequemur
647 2015 717 2076 idem,
732 2015 751 2062 si
766 2023 789 2063 et
852 2067 856 2073 ,

16 2107 17 2112 =
114 2077 274 2128 voluerimus?
296 2078 353 2126 Non
370 2087 404 2127 est
417 2079 585 2144 indulgendum
601 2081 674 2128 cauus
686 2075 786 2126 desidie.

115 2143 192 2200 Nam,
206 2141 226 2189 si
239 2155 286 2190 non
301 2142 347 2190 nisi
358 2143 444 2204 refecti,
458 2145 562 2192 nonnisi
575 2144 667 2203 hilares,
683 2158 729 2190 non
743 2143 789 2190 nisi

113 2206 225 2258 omnibus
231 2207 282 2255 aliis
288 2207 347 2255 curis
354 2217 467 2270 vacantes,
476 2209 616 2257 studendum
624 2206 790 2256 existimaveri-

113 2287 179 2332 mus,
196 2285 286 2346 semper
301 2272 354 2348 erit,
367 2281 460 2347 propter
475 2273 538 2337 quod
554 2272 621 2321 nobis
636 2272 788 2334 ignoremus.
886 2307 892 2314 .

115 2337 207 2397 Quare,
221 2349 246 2382 m
258 2333 334 2397 tuabi,
347 2347 436 2398 itinere,
450 2337 559 2386 conuiuis
573 2337 650 2396 etiam,
665 2336 734 2384 faciat
747 2335 791 2384 eibi

115 2400 225 2465 cogitatio
236 2400 288 2464 ipsa
299 2410 420 2449 secretum·
447 2401 520 2460 Quid
535 2401 621 2464 alioqui
635 2401 682 2462 flet,
698 2415 752 2448 cum
764 2399 790 2448 in

114 2465 194 2516 medio
206 2464 264 2520 foro,
275 2471 309 2512 tot
319 2465 518 2514 circumstantibus
528 2465 628 2528 judiciis,
639 2465 730 2529 jurgiis,
744 2464 792 2512 for·

115 2529 182 2580 tultis
193 2529 262 2577 etiam
273 2529 418 2591 clamoribus,
430 2531 472 2578 erit
482 2531 558 2578 subito
570 2530 678 2579 continui
690 2529 791 2576 emtione

117 2593 252 2654 dicendum,
266 2593 287 2642 si
299 2593 431 2656 particulas,
444 2609 503 2658 ques
515 2595 571 2643 ceris
585 2593 732 2653 mmdamus,
747 2590 791 2638 nisi

117 2659 144 2715 in
156 2657 280 2719 solitudine
291 2658 389 2722 reperire
400 2673 445 2706 non
459 2659 599 2722 possumus?
619 2657 717 2765 Propger
731 2669 773 2718 qur

650 2732 668 2766 ‘r
