1868 2942
155 95 189 158 ‘ro
282 104 585 155 1nsr1r.onnron.
604 103 665 152 vrr.
683 103 706 160 7.

158 237 266 302 equitate
276 243 300 284 et
309 234 428 283 voluntate
438 232 599 298 pugnandum.
619 231 687 281 'Fieri
696 239 775 280 tamen
786 249 838 298 po.
918 281 919 288 χ

93 315 95 323 “
123 289 129 302 ’
157 310 209 362 test,
221 309 249 348 ut
263 299 354 348 errabis
366 297 456 360 legibus
469 298 576 361 exempla
588 297 710 356 duoemus,
723 313 837 361 perquae

157 373 275 430 appareat,
289 378 379 426 semper
391 362 445 410 steri
458 361 541 425 scripto
552 376 599 410 non
609 377 684 426 posse,
698 369 727 409 ut
738 362 834 422 Cicero,

173 447 199 478 ro
217 428 317 486 Caeeinb,
335 427 396 475 feeit.
426 426 542 484 Tertium,
562 441 617 474 eum
635 427 661 473 in
679 426 735 490 ipsis
752 427 836 474 verbis

155 447 213 559 segis
225 493 351 556 reperimus
367 490 464 554 aliquid,
479 506 521 554 per
537 491 601 554 quod
613 493 746 554 probemus,
761 491 832 538 aliud

154 560 234 622 legum
252 558 348 605 lotorem
364 555 479 611 voluisse3
502 563 530 602 ut
548 555 574 602 in
592 555 637 603 beo
655 555 830 604 controversiis

158 625 206 680 Qut
218 628 282 670 noete
293 637 347 668 orem
357 621 428 684 serso
438 620 592 682 deprehensus
600 621 691 683 fuerit,
703 621 830 682 alligetur.

158 691 221 738 Com
228 689 314 734 annulo
319 687 402 749 ferreo
410 686 533 731 irruentum
540 687 697 746 magistratus
705 686 828 746 alligauit.

156 753 214 813 Hie,
233 751 288 817 quia
307 757 341 797 eet
357 749 456 804 verbum,
472 748 497 794 in
513 749 565 812 lege
584 749 747 810 deprebesssos,
771 749 829 796 satis

155 819 224 867 etiem
238 813 392 878 significatum
405 812 503 873 videtur,
520 827 568 860 non
583 813 693 861 contineri
706 813 766 876 lege,
780 813 827 861 nisi

154 882 253 930 noxium
270 878 365 926 ferrum.
397 876 452 937 Sed,
471 885 507 937 ut,
528 877 570 942 qui
591 877 710 926 voluntate
728 877 825 938 nitetur,

156 946 277 1008 seriptum,
298 941 387 1006 quoties
407 940 500 1004 poterit,
518 941 636 990 infirmare
652 941 760 998 debebit3
784 942 827 999 ita,

156 1010 197 1074 qui
210 1008 321 1071 seriptum
336 1005 446 1063 tuebitur,
461 1005 570 1067 adjuvare
585 1021 608 1054 se
622 1005 692 1054 etiem
706 1006 827 1055 voluntate

156 1073 260 1122 tentabit.
278 1073 308 1120 In
318 1069 459 1118 testamentis
469 1078 492 1118 et
502 1069 543 1118 ille
553 1070 668 1136 accidunt,
679 1079 707 1118 ut
716 1071 827 1119 voluntas

156 1138 279 1187 manifesta
291 1137 328 1194 sit,
342 1135 453 1199 seriptum
465 1134 524 1182 nibil
536 1135 579 1182 sits
596 1143 624 1182 ut
636 1135 662 1182 in
672 1134 760 1196 judicio
775 1136 826 1184 Cu-

155 1205 229 1263 riano,
244 1203 268 1249 in
286 1216 333 1264 quo
344 1209 399 1248 note
414 1199 444 1246 Is.
460 1199 538 1247 Crassi
551 1208 577 1248 'et
589 1199 697 1248 Sooevolsr
709 1199 755 1248 tuit
769 1215 826 1249 oon-

156 1268 234 1318 tentio.
258 1267 405 1314 Srsbstitetus
421 1265 495 1311 lsoeres
512 1271 572 1324 erat,
590 1267 612 1311 si
625 1269 752 1326 postumus
769 1272 827 1313 oute

126 1375 129 1380 .
156 1335 294 1381 tutetur-sure
305 1343 377 1376 orsos
388 1330 524 1376 decessisset.
549 1331 609 1377 Noe
619 1336 653 1376 est
664 1335 740 1376 uetus.
765 1329 827 1378 Pro-

154 1396 237 1460 pinqui
247 1397 309 1442 bone
320 1393 364 1441 sibi
376 1392 529 1449 vindicabant.
553 1393 614 1452 Quis
627 1393 751 1454 dubitaret,
764 1394 825 1456 quin

154 1477 181 1510 ea
195 1461 301 1508 voluntas
318 1457 398 1506 tirisset
415 1457 527 1518 testantis,
545 1465 572 1504 ut
588 1458 617 1518 is,
635 1471 683 1504 non
697 1466 752 1505 neto
766 1457 824 1520 filio,

152 1527 226 1575 baeres
243 1533 309 1584 esset,
327 1522 368 1586 qui
385 1523 494 1570 mortuo?
514 1521 555 1570 sed
570 1521 614 1571 hoo
630 1536 677 1569 non
695 1523 823 1586 scripserat.

153 1592 184 1640 Id
192 1604 293 1656 quoque,
305 1587 368 1652 quod
378 1586 432 1635 huic
441 1587 580 1634 eontrarium
591 1594 634 1647 est,
645 1585 728 1634 acoidit
738 1602 822 1650 nuper,

152 1667 180 1705 ut
192 1663 255 1704 esset
271 1653 390 1717 scriptum,
409 1651 472 1714 quod
490 1659 609 1715 appareret
627 1651 760 1714 scriptorem
779 1666 824 1699 no·

151 1723 234 1770 luisses
263 1719 312 1775 Qus
330 1715 464 1765 sestertitrss
482 1713 606 1762 semenstres
623 1717 822 1777 quinquemillia

152 1789 280 1847 legaverat,
303 1797 355 1830 oum
373 1781 506 1828 estenderet
527 1786 701 1840 testamentum,
723 1783 822 1828 sublatis

126 1858 128 1866 '
151 1849 268 1898 sestertiis
278 1847 390 1899 nummis,
406 1845 591 1906 argentipondo
601 1845 701 1906 posuitr
717 1847 822 1907 quisque

149 1915 226 1962 mittio
238 1915 408 1959 retrorserunt.
425 1909 466 1982 Ap
526 1909 639 1968 ttamen,
649 1911 751 1970 quisque
757 1925 823 1973 poss-

150 1981 180 2028 do
190 1976 240 2024 deri
250 1973 365 2030 voluisse;
383 1971 438 2037 quia
449 1923 532 2020 ffi
539 1981 634 2035 argento
646 1973 723 2036 legato
735 1975 822 2023 modus

150 2053 174 2094 et
191 2039 309 2089 inauditus
328 2047 384 2098 eret,
405 2045 428 2084 et
444 2037 591 2085 incredibilis.
618 2039 668 2086 Sub
686 2037 731 2086 hoo
747 2039 820 2087 etism

149 2116 211 2159 statu
224 2103 340 2170 gatersles
352 2109 406 2150 sunt
419 2101 565 2165 questiones,
578 2104 674 2165 scripto,
689 2117 721 2148 ore
736 2105 820 2150 voles·

147 2181 204 2233 tete,
216 2170 328 2219 medum
338 2167 390 2214 est
406 2181 459 2227 que
466 2166 548 2228 fuerit
558 2168 680 2214 scriberetis
690 2167 820 2215 uetustus?

148 2233 297 2308 [Tractatus]
309 2246 389 2280 omnes
397 2230 515 2294 qualitatis
524 2239 566 2278 snt
573 2231 718 2292 conjecturs,
725 2231 755 2280 de
765 2231 821 2297 qui-

148 2307 193 2353 bus
204 2299 258 2348 setis
268 2297 357 2344 orcum
367 2296 472 2344 arbitror.
702 2323 706 2332 .

379 2424 496 2473 CAPUT
512 2425 573 2474 VII.

180 2556 319 2608 Proximum
331 2555 406 2603 ostris
420 2555 510 2614 legiter
523 2551 650 2600 contrariis
662 2550 745 2614 disere,
761 2557 817 2618 quia

144 2627 204 2674 inter
224 2635 309 2670 omnes
327 2619 425 2668 Artium
446 2616 566 2702 scriptores
588 2624 685 2677 oonstet
707 2617 732 2664 in
754 2623 816 2667 ortt.-
