1808 2938
219 107 347 160 Insula.
365 105 520 159 ORATOR·
539 109 602 158 XII.
619 109 658 160 lt.
727 107 773 160 321

103 251 206 297 movere,
221 237 246 284 in
258 237 373 301 plurimas
385 238 492 286 animum
504 237 618 288 audientis
632 239 716 303 species
733 239 778 286 iur-

4 329 9 364 μ
104 300 200 366 pellere,
213 310 291 350 utetur
300 301 330 349 iis
339 317 432 366 quoque
442 303 571 364 adjutoriis,
601 319 638 352 uae
652 305 682 352 ab
696 303 777 351 eidem

105 367 238 414 auutnobis
250 381 354 414 concesso
367 366 456 414 naturai
479 367 544 432 Nam
555 376 578 416 et
624 367 778 416 ertosexerci·

106 429 194 477 tatione
208 431 369 493 constringere,
381 439 403 478 et
414 447 498 494 augere
508 433 575 494 vires,
587 441 610 480 et
620 433 719 482 colorem
730 439 778 486 tro·

106 493 171 554 here,
190 496 294 543 naturale
311 504 359 542 est:
384 495 482 559 ideoque
499 497 524 544 in
543 497 651 545 omuibus
669 497 777 560 gentibue

105 557 168 606 alius
186 559 231 606 alio
248 559 368 608 facundior
388 559 494 620 habetur,
517 569 540 609 et
559 561 686 624 eloquendo
703 560 778 609 dulcis

4 659 10 692 ι
106 623 190 686 magis.
208 623 279 682 Quod
290 624 309 671 si
319 638 366 670 non
374 625 481 685 eveniret,
493 640 573 674 omnes
583 641 649 688 pares
660 634 743 685 essent,
754 633 778 674 et

4 727 8 756 Ξ
106 685 171 734 idem
180 701 261 735 omnes
272 687 368 736 deceret.
390 688 426 749 At
435 689 570 752 loquuntur,
586 699 609 738 et
622 699 712 738 servant
726 705 779 752 per·

106 766 217 800 sonorum
234 752 370 800 discrimen:
395 752 436 812 ita,
456 769 503 817 quo
520 754 617 817 quisque
634 754 689 818 plus
708 753 777 802 efficit

106 815 213 875 dicendo,
230 817 274 865 hcc
287 817 362 879 magis
374 817 500 864 secundum
517 827 605 865 nature
622 817 776 881 eloquentiam

107 880 172 928 dicit.
197 881 344 943 Quapropter
354 896 383 928 ne
393 881 444 954 illis⁶
450 881 544 944 quidem
555 881 654 930 nimium
664 896 776 945 repugno,

4 977 5 984 η
107 945 151 1008 qui
159 945 265 992 dandum
276 952 359 1008 putant
374 945 480 992 nonnum
495 961 542 994 esse
555 947 696 1008 temporibus
707 954 777 1009 atque

107 1009 213 1068 auribus,
231 1007 325 1055 nitidius
339 1007 428 1072 aliquid
443 1017 511 1072 atque
521 1009 647 1058 affectatius
657 1010 777 1073 postulen-

107 1073 179 1121 tibus.
203 1073 286 1136 Itaque
296 1087 342 1120 non
353 1073 428 1120 solum
443 1074 472 1121 ad
486 1073 571 1136 priores
582 1075 694 1122 Catonem
705 1075 779 1124 Grac·-

108 1138 218 1201 cbosque,
230 1137 270 1184 sed
280 1151 309 1184 ne
317 1137 347 1185 ed
354 1137 396 1184 hos
406 1138 509 1201 quidem,
517 1147 628 1186 oratorem
634 1137 778 1200 alligandum

108 1210 174 1266 putot
196 1203 277 1266 Atque
289 1201 315 1248 id
326 1201 404 1250 fecisse
421 1203 459 1250 M.
472 1202 580 1250 Tullium
590 1202 664 1262 video,
681 1210 708 1249 ut
722 1217 778 1253 cunr

109 1267 189 1314 omnia
204 1266 307 1326 utilitati,
325 1273 377 1313 tum
394 1275 482 1328 partem
495 1267 620 1330 quomdam
633 1265 778 1314 delectationi

6 1373 13 1389 ,
108 1330 184 1389 daret,
198 1345 253 1379 cum
269 1338 292 1378 et
308 1329 384 1394 ipsam
396 1346 421 1378 oe
437 1346 486 1379 rem
503 1347 570 1394 agere
583 1331 667 1378 diceret
684 1332 779 1394 (agebat

6 1392 12 1410 '
109 1403 189 1443 autem
200 1393 312 1456 maxime)
323 1393 450 1457 litigatoris.
474 1396 539 1444 Nam
549 1395 592 1443 hoc
602 1395 652 1458 ipso
662 1396 777 1460 proderat,

8 1454 11 1472 ¹
112 1459 176 1522 quod
189 1458 301 1522 placebat.
325 1459 366 1506 Ad
377 1461 443 1520 cujus
454 1460 582 1523 voluptates
597 1459 655 1506 nihil
670 1459 778 1524 equidem

112 1522 176 1586 quod
187 1522 240 1570 addi
250 1522 321 1586 possit
330 1523 430 1585 invenio,
446 1524 491 1572 nisi
501 1533 528 1572 ut
538 1538 617 1572 sensus
628 1539 669 1572 nos
684 1523 779 1586 quidem

112 1587 216 1636 dicemus
227 1587 311 1650 plures.
329 1588 413 1651 Neque
424 1588 485 1636 enim
496 1588 545 1636 fieri
552 1596 634 1652 potest,
646 1588 709 1636 salvs
720 1596 779 1634 traa-

8 1689 10 1697 ,
112 1652 198 1700 tatione
214 1667 288 1700 causae
303 1661 326 1700 et
341 1651 431 1700 dicendi
447 1653 588 1712 auctoritate,
606 1652 626 1700 si
641 1655 718 1700 crebra
730 1651 781 1700 haec

111 1716 203 1765 lumina
213 1725 236 1764 et
242 1716 350 1764 continua
359 1716 453 1778 fuerint,
461 1726 542 1766 utnon
548 1717 647 1765 invicem
656 1715 779 1764 offecerint.

112 1781 159 1831 Sed
168 1797 215 1841 me,
226 1780 336 1830 hactenus
346 1781 472 1843 cedentem,
484 1797 552 1830 nemo
562 1781 695 1845 insequetur
704 1779 780 1828 ultra:

114 1845 145 1894 do
161 1845 268 1908 tempori,
284 1861 315 1894 ue
329 1861 404 1894 crassa
417 1854 472 1908 toga
485 1847 529 1903 sit3
546 1861 593 1894 uon
603 1845 687 1894 serica:
704 1859 734 1892 ne
745 1844 781 1891 in-

114 1917 207 1958 tonsum
219 1919 302 1974 caput3
319 1924 366 1958 non
376 1910 401 1956 in
415 1909 500 1974 padus
517 1918 586 1974 atque
599 1910 696 1958 annulos
706 1917 782 1956 toturn

115 1983 233 2032 comtum;
250 1989 312 2033 cum,
329 1974 355 2021 in
372 1989 399 2022 eo
413 1974 455 2039 qui
472 1990 496 2023 se
512 1990 560 2022 nou
577 1975 606 2022 ed
623 1973 738 2022 luxuriem
756 1987 783 2020 ec

116 2039 237 2086 libidinem
257 2038 347 2098 referat,
367 2039 447 2087 cadem
466 2039 599 2102 speciosiore
617 2051 710 2102 quoque
728 2037 783 2096 sint,

114 2119 171 2167 quae
180 2101 315 2149 honestiore
328 2102 443 2150 Ceterum
450 2103 503 2164 hoc,
515 2102 578 2166 quod
584 2103 654 2165 vulgo
661 2102 786 2148 sententiae

117 2182 226 2216 vocamus
237 2165 369 2230 (veteribus,
377 2167 537 2231 precipueque
548 2166 642 2225 Grecis,
653 2166 678 2212 in
685 2181 730 2212 usu
739 2180 786 2212 non

116 2232 176 2290 suit3
194 2230 258 2292 apud
268 2230 402 2278 Ciceronem
411 2231 513 2289 invenio)
524 2230 581 2277 dum
589 2246 638 2278 rem
647 2230 786 2288 contineant,

117 2305 141 2344 et
158 2295 225 2358 copiti
241 2308 288 2340 non
303 2294 438 2350 redundent,
455 2294 524 2342 etad
541 2293 658 2343 victoriam
675 2301 785 2356 spectent,

118 2359 172 2424 quis
182 2359 239 2406 utile
249 2361 336 2420 neget?
353 2359 451 2406 Feriunt
461 2359 575 2418 animum,
588 2369 611 2408 et
625 2374 672 2406 uno
683 2359 730 2405 ictu
741 2357 787 2406 fre·

136 2432 217 2472 uenter
226 2423 360 2486 impellunt,
368 2433 390 2472 et
400 2423 451 2488 ipsi
459 2423 569 2474 brevitate
579 2423 653 2488 magis
660 2423 756 2483 herent,
765 2429 790 2470 et

119 2441 375 2550 dictionepersuadent.
755 2531 758 2536 ,

153 2551 193 2600 Ac
208 2559 263 2600 eunt
279 2552 320 2614 qui
333 2551 382 2601 haee
394 2551 527 2601 excitatiora
539 2551 638 2612 lumina,
654 2551 743 2601 etiamsi
754 2550 789 2600 di-

18 2619 22 2624 “
120 2631 172 2666 cere
188 2616 331 2681 permittent,
348 2633 363 2664 a
375 2617 538 2684 componendis
554 2625 632 2667 tamen
649 2617 789 2664 orationibus

120 2681 265 2734 excudente
275 2678 430 2751 arbitrentur]
443 2680 567 2746 Quocirca,
576 2680 636 2733 mihi
646 2695 677 2730 ne
689 2681 728 2730 hic
737 2677 791 2744 qui·
