1868 2942
103 71 120 119 8
228 65 358 117 1Ns't1'n
371 61 528 118 UnATon.
546 63 609 116 vn,
627 67 650 116 1.

102 198 123 246 si
134 211 181 245 non
191 205 275 261 potest,
290 197 387 244 occidit.-
404 211 466 260 ergo,
481 205 524 246 ont
533 200 600 261 jure,
614 203 657 244 out
670 195 772 259 injustii-

102 262 192 326 Utique
200 265 273 324 jure.-
290 271 332 309 ent
344 263 462 312 voluntate
476 263 555 326 igitur,
568 269 610 310 sut
623 263 773 310 necessitate.-

103 341 159 374 nem
168 329 306 388 ignorantia
316 327 428 390 pretendi
442 341 488 374 non
498 334 580 390 potest
608 327 721 374 Volsmtos
732 339 775 374 m-

102 407 155 455 σερε
163 399 205 438 est.
217 391 517 456 Sed,·quiuituidhomines
524 399 616 455 putent,
626 390 775 455 adjungenda

103 455 213 516 defensio,
231 464 258 503 ut
271 457 296 504 id
306 471 354 520 pro
367 456 486 520 repetiisti
502 456 578 504 fuerit.
603 456 774 504 Necenttatei

103 523 180 568 subita
195 523 275 584 igitur
284 537 378 584 pugneo,
394 537 441 570 oon
450 529 605 584 preparata.-
621 521 682 568 olter
694 521 775 582 igitur

103 587 231 634 insidiatus
241 595 282 634 est.
300 587 378 636 Uter?
386 589 493 650 profecto
506 587 610 634 Clodius.
623 584 734 642 Videsne,
745 592 774 634 ut

102 649 153 714 ipss
163 663 240 699 rerum
251 651 372 700 nenessitas
382 651 481 699 deduost
491 651 521 698 nd
530 649 703 699 defensionem?
720 649 775 698 Ad..

102 715 158 777 huc,
170 717 219 764 Ant
234 718 316 778 otique
331 718 406 763 votuit
419 717 523 763 occidere
539 717 702 776 insidiatorem
712 715 775 767 'Clo-

103 779 179 841 dtnm,
196 787 239 828 ant
252 796 307 828 uon.
330 781 425 839 Tutius,
441 783 462 828 et·
477 781 560 828 notuit.
584 782 703 828 Fecerunt
716 793 775 841 ergo

102 848 166 892 servi
177 847 290 904 Milonis,
302 861 374 906 neone
382 847 479 908 jubente
490 860 562 906 oeque
572 845 658 892 sonnio
669 845 772 892 Milone.

102 910 139 957 At
154 910 204 957 haec
220 918 268 957 tam
284 909 367 958 timide
382 910 483 958 defensio
499 909 598 957 dormit
614 908 773 958 auctoritatem

102 973 145 1028 illi,
160 974 209 1037 qud
218 983 278 1022 reete
288 973 421 1023 dicebamus
431 974 542 1022 ooeisum.
564 973 691 1034 Adjicitur,
706 973 775 1029 Quod

102 1053 156 1086 enos
167 1041 264 1101 quisque
274 1051 353 1087 servos
363 1042 390 1086 in
401 1042 445 1086 toli
455 1053 481 1086 re
488 1040 573 1102 socero
584 1039 701 1086 voluisset.
719 1037 775 1086 Hoc

103 1119 130 1151 eo
141 1113 175 1152 est
186 1104 275 1163 utilius,
289 1104 352 1168 quod
362 1119 423 1166 saepe
433 1104 491 1152 nihil
504 1104 588 1166 placet,
603 1111 627 1150 et
637 1102 726 1166 aliquid
737 1102 775 1150 di·

103 1169 203 1216 cendum
214 1177 255 1216 est.
283 1170 421 1217 Intueamur
433 1183 488 1232 ergo
502 1167 595 1216 omnine
610 1167 643 1214 ita
653 1167 774 1229 apparebit

103 1233 179 1280 antid
190 1233 254 1296 quod
267 1234 385 1297 optimum·
397 1241 438 1293 est,
455 1229 531 1280 eut'id
541 1231 604 1296 quod
614 1232 712 1279 minime
722 1247 774 1280 ms-

102 1297 160 1344 lum.
179 1298 339 1360 Propositione
347 1299 471 1362 aliquando
479 1297 738 1346 edversariiutendumt
751 1305 775 1345 et

103 1377 151 1410 esse
161 1377 330 1426 nonnunquam
341 1377 489 1410 communem
497 1377 557 1422 enm,
569 1375 612 1409 suo
622 1361 673 1408 loco
684 1361 774 1410 dietum

102 1435 144 1474 est.
155 1427 242 1474 Multis
249 1427 353 1475 millibus
359 1443 469 1476 versuum
477 1427 524 1475 seio
532 1427 594 1489 apud
602 1425 716 1490 quosdam
725 1441 775 1476 esse

103 1492 235 1554 qunsimm,
247 1506 295 1556 quo
305 1491 375 1539 modo
382 1491 545 1552 inveniremus,
557 1498 671 1554 unapars
682 1491 775 1540 deberet

102 1557 165 1620 prior
178 1556 274 1604 dioerei
291 1557 361 1621 quod,
375 1557 400 1604 in
413 1557 472 1617 foro,
483 1557 521 1604 vel
534 1556 652 1604 atrocitate
661 1555 775 1604 tonnula-

102 1635 164 1682 rum,
176 1621 214 1670 vel
226 1621 295 1670 modo
308 1621 455 1685 pentinum,
467 1621 505 1670 vel
518 1621 642 1669 novissime
654 1629 723 1679 sorte,
738 1619 775 1668 dr-

100 1685 225 1746 judicntur.
254 1687 285 1734 In
302 1686 382 1734 scholi
400 1686 472 1750 qnaeri
489 1686 548 1734 nihil
567 1685 657 1742 attinet,
675 1699 730 1732 cum
748 1685 774 1733 in

102 1749 308 1798 declamationdms
325 1751 408 1798 iisdem
425 1765 527 1811 uenere,
546 1757 568 1798 et
584 1749 774 1798 contradictiones

102 1815 196 1872 solvere,
208 1824 258 1862 tem
266 1817 295 1862 ab
303 1823 386 1874 actore,
399 1829 470 1878 quem
479 1831 493 1862 e
503 1815 629 1874 defensore,
641 1829 774 1862 conoessum

102 1878 140 1926 sit.
165 1878 220 1938 Sed,
234 1879 259 1926 in
272 1879 380 1942 plurimis
395 1880 560 1940 controversiis,
572 1894 602 1926 ne
611 1879 710 1927 inveniri
720 1879 775 1942 qui·

102 1942 157 1990 dem
174 1951 266 2008 potest:
284 1944 351 1992 utin
367 1944 417 2004 int,
439 1945 487 2000 Qut
504 1951 553 1992 tres
569 1945 651 1991 liberos
669 1945 773 2004 debebat,

102 2015 228 2066 oratorem,
231 2010 406 2071 philosophum,
412 2013 434 2056 et
441 2010 566 2068 medicum,
574 2014 710 2056 testamento
717 2023 774 2070 qno-

102 2078 158 2119 tuor
164 2080 248 2138 poetes
256 2073 327 2137 feeit,
339 2075 480 2136 ottingene
491 2075 593 2136 singulis
604 2074 685 2120 dedit:
700 2087 774 2120 onom

102 2141 152 2199 nne
163 2153 210 2186 esso
221 2140 305 2200 votuit,
317 2140 427 2200 quiesset
438 2139 581 2186 utttnstmos
592 2139 692 2184 ctottatt.
710 2137 774 2184 Oon·

101 2202 216 2250 tendunt=
229 2203 282 2266 quis
290 2203 380 2266 primus
388 2204 457 2262 dicet,
466 2203 580 2251 incertum
588 2209 636 2259 este
649 2201 775 2264 propositio

100 2273 181 2315 temen
189 2275 257 2316 omn.
273 2270 316 2317 Ab
324 2283 351 2318 eo
358 2269 430 2329 enim,
442 2269 509 2330 cujus
516 2281 638 2332 personam
646 2265 773 2326 tuebimur,

8 2359 15 2370 ·
101 2329 261 2396 incipiendum
274 2334 323 2382 erit.
348 2334 382 2382 Et
395 2333 445 2382 haeo
458 2332 553 2396 quidem
565 2331 595 2380 de
609 2329 734 2378 dividendo
748 2330 774 2378 in

101 2396 236 2446 universum
243 2397 337 2463 praecipi
344 2405 448 2462 possunt
465 2399 501 2446 At
507 2395 624 2462 quomodo
630 2393 775 2442 inveniemus

102 2460 173 2508 eiiam
185 2463 237 2512 illes
250 2464 383 2512 occultiores
396 2463 552 2528 questiones?
569 2459 663 2518 scilieet,
676 2473 774 2522 quomo-

102 2523 133 2572 do
143 2529 276 2590 sententies,
285 2531 363 2592 verbo,
375 2529 470 2592 figures,
482 2527 582 2581 colorest
595 2521 697 2587 ingenio,
708 2521 774 2581 ouri,

103 2591 272 2643 exercitatione.
291 2596 347 2645 Non
358 2603 437 2644 temen
447 2593 494 2642 iere
503 2603 617 2655 unquam,
629 2586 673 2634 nisi
683 2586 774 2649 mpms
