1808 2938
29 105 32 116 “
132 117 186 166 rot
262 69 563 160 lusum-oneror
581 106 646 156 xm
663 107 690 155 a
882 127 883 176 ι

139 247 166 296 in
181 241 274 306 judiciis
289 240 404 303 frequens,
416 246 457 286 sut
467 239 542 284 clarus
553 237 578 284 in
588 236 746 285 concionibus
752 234 820 284 init?

142 309 203 370 Quis
213 306 312 369 donique
320 305 344 352 in
355 304 415 367 ipsi,
425 317 498 364 quam
508 301 611 350 maxime
618 301 730 364 plerique
742 301 821 364 preri-

140 376 218 440 piunt,
235 369 367 434 reipublice
376 366 573 416 administratione
582 373 689 413 versatus
701 369 759 414 est?
778 366 822 412 At-
882 357 883 370 ¹

143 454 189 503 que
199 450 242 498 ego
252 435 329 493 illum,
341 447 411 496 quem
421 431 526 491 instituo,
541 431 680 478 Romanurn
693 429 821 493 quemdum

144 503 214 552 velim
221 499 409 562 essesapientom,
415 496 509 558 quinon
515 494 604 542 secretis
610 494 822 557 disputationibus,

144 566 184 618 sed
192 579 268 614 rerum
280 559 441 626 experimentis
451 567 522 623 atque
531 559 647 622 operibus,
662 573 722 606 vere
732 557 823 606 civilem

146 633 223 680 virum
234 628 348 676 exhibeat.
367 625 422 682 Sed,
435 624 492 688 quia
507 623 595 671 deserta
609 624 641 670 ab
656 623 689 669 iis
705 623 750 686 qui
763 638 788 670 se
797 620 824 669 ad

145 692 301 760 eloquentiam
315 690 468 748 contulerunt,
482 687 558 736 studia
569 686 701 750 sapientise,
716 702 767 734 non
778 688 824 747 jam

146 763 172 810 in
185 767 237 808 actu
253 771 294 804 suo
308 764 378 818 atque
391 754 416 800 in
428 753 473 800 hac
485 752 529 799 fori
538 753 590 799 luce
603 760 740 810 versantu,
753 749 825 800 sedin

147 824 249 890 partious
267 829 289 868 et
308 818 428 883 gymnasia
445 817 557 880 primum,
575 830 633 862 mox
651 815 680 862 in
698 824 825 864 conventus

150 889 290 945 scholarum,
297 890 449 937 mcesserunt;
461 881 495 939 id,
506 879 570 944 quod
580 887 614 927 est
625 879 715 928 oratori
725 895 827 928 noom-
882 909 883 940 ι

147 955 219 1012 rium,
236 965 279 998 nec
296 964 310 996 a
325 945 416 996 dicendi
430 945 607 1008 preceptoribus
624 944 739 1002 traditur,
755 947 787 992 ab
802 943 827 990 iis

180 1027 227 1065 tere
248 1014 360 1062 nimirum
378 1025 468 1058 neccsse
486 1018 528 1070 est,
546 1008 609 1072 apud
626 1023 688 1072 quos
707 1008 826 1056 remansit.

149 1035 280 1132 lievolvendi
296 1076 388 1141 penitus
405 1083 514 1129 auctores,
531 1073 573 1137 qui
589 1073 619 1120 de
636 1075 731 1120 virtute
750 1073 829 1136 praei·

150 1148 228 1212 piunt,
239 1153 267 1192 ut
276 1141 371 1190 oratoris
380 1139 487 1188 vitatum
498 1136 593 1186 scientiis
602 1137 742 1185 divinarum
754 1153 828 1186 rernm
882 1161 883 1166 =

152 1204 524 1269 sithumanarumqueconjuncta.
541 1201 670 1264 Quaipsae
682 1213 831 1266 quantoma-

151 1280 212 1340 jores
229 1289 256 1322 ac
271 1269 411 1336 pulchriores
424 1267 563 1325 viderentur,
577 1266 598 1314 si
611 1265 664 1333 illas
678 1267 698 1314 ii
710 1267 830 1324 docerent,

155 1339 197 1406 qui
204 1338 273 1386 etiam
281 1334 358 1398 eloqui
365 1331 551 1397 praestantissime
558 1333 669 1394 possent?
682 1331 833 1395 Utinamqus

155 1405 186 1458 sit
202 1412 295 1466 tempus
309 1413 421 1463 unquam,
434 1413 481 1461 quo
494 1395 607 1460 perfectus
624 1395 713 1459 aliquis
726 1397 835 1461 (qualem

153 1475 272 1534 optamus)
291 1471 366 1514 orator
384 1463 444 1510 hanc
460 1469 558 1526 partem,
577 1461 677 1523 superbo
696 1463 801 1509 nomine
815 1469 835 1508 st

154 1533 215 1584 vitiis
223 1529 379 1596 quorumdam
387 1529 449 1575 bona
456 1528 506 1587 ejus
513 1524 714 1588 corrumpentium
722 1525 836 1584 invisam,

155 1598 255 1651 vindicet
265 1595 318 1651 sibi,
329 1608 363 1648 ac.
375 1591 439 1640 velut
448 1593 518 1640 rebus
528 1589 637 1652 repetitis,
651 1589 679 1636 in
690 1605 784 1655 corpus
794 1591 837 1638 elo
881 1585 882 1626 l

158 1663 259 1728 queres
269 1660 375 1709 uruat.
392 1655 615 1720 Quaequidemcum
626 1653 657 1702 ιιι
664 1654 693 1701 in
704 1663 757 1704 ees
768 1656 838 1704 uvis·
881 1633 882 1684 l

189 1737 243 1787 ntes,
254 1725 396 1782 teutardum,
407 1722 529 1780 moralem,
543 1720 700 1778 rationalem
718 1736 782 1784 quar
792 1730 838 1768 tan·

175 1809 213 1842 em
221 1797 369 1838 nonestcum
377 1785 472 1834 oratoris
483 1800 551 1848 opere
561 1783 704 1844 conjuncta?
724 1785 807 1846 Nam,
815 1793 838 1832 ut

158 1857 264 1905 ordinem
274 1861 333 1901 retro
343 1865 450 1914 agamus,
461 1849 491 1897 de
501 1849 586 1896 ultima
595 1847 646 1906 illia,
657 1864 715 1911 quae
728 1859 785 1898 tota
795 1866 840 1898 aar·

158 1930 222 1970 sctur
237 1920 263 1967 in
277 1916 360 1975 verbis,
375 1929 444 1964 nemo
458 1907 605 1968 dubita'verit,
620 1912 640 1958 ai
650 1921 676 1959 et
685 1916 841 1978 proprietate

159 1985 339 2045 msiscujusque
346 1983 421 2038 misse,
433 1987 457 2026 et
466 1977 578 2040 ambigua
587 1976 684 2040 aperire,
696 1987 721 2025 et
729 1980 842 2042 per-plur

160 2051 294 2107 discernere,
306 2055 329 2094 et
339 2045 368 2093 de
378 2045 442 2092 falsis
452 2041 565 2104 judicare,
576 2049 600 2090 et
610 2041 722 2103 suffigere
734 2059 767 2092 ac
778 2045 843 2092 mcl-

161 2132 215 2165 vere
225 2111 351 2178 quae·velis‚
363 2107 458 2158 oratoris
469 2115 517 2154 est:
535 2121 683 2170 quamquam
695 2107 725 2155 ed
737 2123 791 2157 non
799 2119 843 2156 tam

162 2190 197 2233 ast
217 2179 307 2228 minute
328 2183 397 2238 atquc
414 2171 502 2220 concise
520 2171 545 2218 in
562 2170 695 2220 actionibus
715 2175 842 2230 utendum,

163 2260 235 2310 quam
252 2243 277 2289 in
294 2237 504 2302 disputationibus3
521 2236 577 2299 quia
593 2250 641 2283 non
658 2234 750 2286 docere
768 2239 843 2294 modo,

163 2310 302 2357 aedmovere
308 2305 376 2351 etiam
383 2318 410 2348 aa
417 2301 529 2350 delectare
535 2301 662 2359 audientes,
669 2300 749 2350 debet
757 2315 844 2356 oraton

164 2373 195 2420 ad
205 2369 268 2434 quod
278 2369 366 2429 impetu
373 2373 496 2428 ‚quoquest
503 2365 590 2412 viribus
601 2379 628 2412 ao
635 2365 722 2415 decora
730 2379 773 2417 est
780 2385 846 2433 opus;

163 2444 192 2482 ut
202 2435 237 2479 vis
247 2431 352 2479 ninnium
366 2430 441 2489 major
455 2437 489 2476 est
501 2429 555 2476 eltis
567 2428 632 2492 ripis,
645 2427 784 2496 multoque
798 2449 847 2497 gur.

163 2497 218 2557 gitis
235 2501 308 2544 tractu
326 2492 457 2550 fluentium,
475 2508 547 2555 quam
567 2493 644 2540 tenuis
662 2508 750 2558 aqum,
771 2507 796 2546 et
812 2499 847 2545 ob.

162 2561 225 2618 jectu
239 2556 371 2617 lapillorum
385 2556 523 2604 resultantis.
549 2558 591 2614 Et,
607 2565 635 2604 ut
647 2559 786 2620 palaestrid
799 2563 848 2610 ὼς.

164 2635 223 2671 tores
239 2619 299 2676 illos,
318 2633 375 2683 quos
393 2635 502 2694 nummos
519 2629 610 2680 vocant,
629 2636 678 2669 non
693 2623 790 2676 ideimo
805 2627 847 2676 dis.
