1808 2938
208 101 339 156 INS'l'I'l'.
352 102 511 158 ermion„
527 103 589 156 ΧΗ.
606 106 630 152 2.
711 105 760 160 297

83 240 183 282 testatus
193 243 236 282 est.
259 233 344 298 Neque
355 249 379 282 se
391 241 457 282 mute
470 233 495 280 in
506 249 534 282 eo
546 247 652 297 unquam
664 233 761 282 fudisset

84 301 187 358 ubertus,
199 298 218 346 si
228 297 349 359 ir-,enium
362 313 431 346 suum
445 298 617 360 conceptumn,
631 313 678 346 non
689 298 761 362 ipsine

84 377 164 410 nerum
175 371 231 410 netu
251 361 369 422 slinibus,
380 363 532 410 terminisset.

119 427 209 474 Verum
227 443 257 475 ex
274 427 319 474 hoc
335 427 381 474 nlie
398 427 458 474 mihi
470 427 567 492 questio
582 428 692 488 exoritur,
708 444 762 491 quoe

86 499 149 540 secte
164 491 265 540 conferre
280 491 410 554 plurimum
426 492 561 556 eloquentiae
573 493 660 556 possit;
678 507 762 557 quem-

85 571 159 620 quem
181 571 208 603 ee
226 570 273 603 non
294 555 354 603 inter
371 557 456 604 multer
475 565 550 620 potest
569 573 616 606 esse
637 558 760 606 contentio.

85 621 161 678 Nem,
172 619 295 684 imprimis,
308 632 349 668 nos
356 623 477 682 Epicurus
488 637 502 668 a
512 621 594 685 seipse
604 621 708 682 dimittit,
720 621 763 686 qui

84 685 166 747 fugere
181 699 274 732 omnem
291 683 436 748 disciplinam
452 685 598 748 navigatione
612 701 683 750 quem
701 687 763 734 velo-

84 748 178 797 cissimi
187 750 260 809 jubet.
284 750 369 812 Neque
380 764 433 797 vero
443 751 592 813 Aristippus,
606 765 725 798 summum
736 749 762 797 in

85 814 206 875 voluptate
222 813 321 876 corporis
337 816 425 862 bonum
441 829 537 878 ponens,
554 815 584 863 sd
599 815 662 864 hunc
675 830 717 862 nos
727 814 762 862 le·

84 880 167 926 berem
175 877 316 926 adhortetur.
335 879 434 940 Pyrrho
442 879 535 941 quidem
544 896 602 940 ques
610 880 635 927 in
643 879 687 928 hoc
694 893 763 942 opere

85 950 164 1004 partes
170 942 253 989 habere
258 950 342 1005 potest,
347 942 393 1001 cui,
398 943 487 1003 judices
493 958 550 1002 esse,
557 944 621 1008 opud
628 960 686 1008 quos
692 945 763 992 verbe

85 1005 166 1066 facist,
178 1015 201 1053 et
208 1021 282 1065 reum,
290 1023 333 1071 pro
341 1023 388 1070 quo
395 1008 512 1070 loquetur,
524 1017 547 1056 et
555 1017 669 1068 senatum,
681 1008 706 1056 in
714 1022 763 1072 quo

85 1070 118 1118 sit
125 1070 221 1118 dicende
228 1071 347 1132 sententie,
359 1086 405 1118 non
413 1071 529 1136 liquebit?
546 1074 701 1121 Academiam
709 1073 764 1136 qui-

86 1135 144 1182 dem
162 1135 307 1184 utilissimam
325 1135 429 1193 credunt,
447 1137 510 1200 quod
528 1152 579 1185 mos
596 1137 620 1184 in
638 1146 763 1200 utramque

85 1208 178 1264 partem
186 1199 310 1247 disserendi
318 1199 348 1248 ed
356 1200 541 1249 exercitationem
549 1201 674 1249 forensium
683 1216 763 1249 causs-

86 1279 140 1312 rum
158 1264 263 1328 proxime
280 1264 378 1313 secedet
401 1265 533 1326 Adjiciunt,
547 1267 597 1314 loco
611 1265 761 1328 probationis,

85 1329 152 1394 quod
162 1345 189 1377 ee
199 1329 397 1392 prestantissimos
410 1329 436 1376 in
447 1330 578 1394 eloquentiis
588 1331 648 1379 viros
659 1330 763 1378 ediderit.

87 1395 245 1455 Peripatetici
262 1395 338 1442 studio
352 1409 444 1458 quoque
458 1410 483 1442 se
494 1395 595 1458 quodem
607 1395 704 1443 oratorio
713 1396 763 1457 jec-

84 1466 146 1506 tsnt.
166 1458 230 1505 Nem
241 1459 316 1507 theses
327 1458 400 1506 dicere
411 1459 577 1507 exercitationis
587 1459 661 1522 gretiit
671 1460 718 1508 iere
729 1467 763 1507 est

86 1523 119 1574 ab
133 1521 170 1570 his
180 1521 319 1571 institutum.
343 1523 427 1582 Stoici,
441 1524 500 1572 sicut
513 1524 603 1586 copiam
618 1524 762 1586 nitoremque

86 1586 224 1649 eloquentis
230 1587 276 1635 iere
283 1587 459 1651 preceptoribus
467 1589 514 1636 suis
521 1587 621 1636 defuisse
629 1587 762 1646 concedent,

86 1665 180 1698 necesse
194 1660 243 1709 ειη
261 1651 294 1700 ita
306 1653 383 1704 nullos
395 1661 436 1704 eut
448 1655 544 1716 prebere
557 1653 639 1714 scrius,
654 1661 695 1700 sut
707 1666 763 1700 cou-

86 1714 181 1764 cludere
192 1716 298 1764 eubulius
309 1717 459 1764 contendunt.

121 1780 167 1828 Sed
177 1781 227 1828 hec
239 1781 299 1828 inter
308 1781 379 1844 ipsos,
391 1782 440 1845 qui,
452 1781 516 1830 velut
525 1789 668 1831 ssmsmento
678 1781 762 1844 rogati,

87 1843 202 1893 veletiam
213 1846 374 1909 superstitione
384 1847 507 1907 constricti,
514 1847 579 1894 nefas
587 1846 676 1894 ducunt
686 1863 701 1894 ιι
711 1861 763 1894 sus-

87 1909 156 1972 cepti
165 1911 235 1960 semel
242 1911 389 1974 persuasione
396 1909 516 1960 dueedue.
540 1911 633 1960 Oretori
643 1927 697 1960 vero
704 1911 764 1960 nihil

87 1982 124 2022 est
135 1987 225 2020 necesse
238 1975 263 2021 in
277 1975 415 2038 cujusquam
425 1976 504 2036 jurare
517 1975 587 2039 leges.
606 1975 688 2037 Mejus
700 1976 764 2024 enim

88 2044 124 2092 est
134 2051 193 2100 opus
209 2046 279 2102 etque
294 2039 447 2102 prestantius,
464 2039 494 2087 ed
507 2041 570 2104 quod
584 2041 634 2104 ipse
647 2040 728 2097 tendit,
741 2048 765 2088 et

88 2102 158 2163 cujus
168 2110 203 2150 est
211 2103 275 2150 velut
285 2103 429 2163 candidatus,
438 2105 552 2168 siquidem
563 2114 597 2152 est
604 2105 698 2152 futurus
709 2118 763 2152 cum

15 2219 16 2222 ,
88 2165 151 2226 vitu,
164 2175 215 2214 tum
226 2167 296 2215 etiem
307 2167 442 2230 eloquentie
452 2169 521 2216 leude
531 2169 651 2232 perfectus.
674 2168 763 2228 Quare,

15 2277 16 2296 p
86 2231 114 2279 in
123 2232 257 2295 exemplum
268 2231 436 2289 benedicendi,
447 2233 637 2280 fecundissimum
646 2247 765 2296 quemque

87 2304 201 2360 proponet
209 2295 253 2344 sibi
261 2297 291 2345 ed
299 2297 453 2344 imitandum:
465 2297 568 2345 moribus
576 2313 629 2345 vero
636 2296 764 2344 formandis

87 2374 162 2424 quem
172 2359 332 2409 honestissime
342 2369 464 2424 prrecepts,
475 2361 670 2425 rectissimamque
680 2360 710 2408 ed
718 2360 766 2408 vir-

87 2433 164 2474 tutem
182 2424 253 2485 viem,
271 2425 362 2489 deliget.
387 2426 559 2475 Exercitatione
574 2426 670 2490 quidem
686 2433 765 2474 utetur

86 2489 169 2546 omni;
187 2489 228 2537 sed
238 2499 316 2540 temen
327 2490 370 2540 erit
383 2489 498 2554 plurimus
512 2491 537 2538 in
548 2490 657 2539 maximis
667 2490 765 2554 quibus-

87 2554 435 2619 queacnnturipulcherrimis.
453 2554 765 2620 Namqurepotestmeteriu

86 2617 180 2686 reperiri
188 2618 218 2668 sd
223 2620 324 2688 graviter
331 2620 467 2686 copioseque
474 2619 598 2676 dicendum
606 2619 681 2685 magis
689 2620 764 2666 ebun-
