<?xml version="1.0" encoding="UTF-8"?>
<!DOCTYPE html PUBLIC "-//W3C//DTD XHTML 1.0 Transitional//EN"
    "http://www.w3.org/TR/xhtml1/DTD/xhtml1-transitional.dtd">
<html xmlns="http://www.w3.org/1999/xhtml" xml:lang="en" lang="en">
 <head>
  <title>
</title>
<meta http-equiv="Content-Type" content="text/html;charset=utf-8" />
  <meta name='ocr-system' content='tesseract 3.04.00' />
  <meta name='ocr-capabilities' content='ocr_page ocr_carea ocr_par ocr_line ocrx_word'/>
</head>
<body>
  <div class='ocr_page' id='page_1' title='image "./mfabiiquintilia00caregoog_0301.png"; bbox 0 0 1808 2938; ppageno 0'>
   <div class='ocr_carea' id='block_1_1' title="bbox 144 97 697 153">
    <p class='ocr_par' dir='ltr' id='par_1_1' title="bbox 144 97 697 153">
     <span class='ocr_line' id='line_1_1' title="bbox 144 97 697 153; baseline -0.009 0"><span class='ocrx_word' id='word_1_1' title='bbox 144 105 193 153; x_wconf 75' lang='grc'>300</span> <span class='ocrx_word' id='word_1_2' title='bbox 269 101 396 153; x_wconf 83' lang='lat' dir='ltr'>INSTIT.</span> <span class='ocrx_word' id='word_1_3' title='bbox 415 99 569 152; x_wconf 67' lang='lat' dir='ltr'>ORATOR</span> <span class='ocrx_word' id='word_1_4' title='bbox 587 97 652 150; x_wconf 88' lang='lat' dir='ltr'>XII.</span> <span class='ocrx_word' id='word_1_5' title='bbox 670 101 697 149; x_wconf 82' lang='lat'>3.</span> 
     </span>
    </p>
   </div>
   <div class='ocr_carea' id='block_1_2' title="bbox 141 231 888 2614">
    <p class='ocr_par' dir='ltr' id='par_1_2' title="bbox 141 231 828 425">
     <span class='ocr_line' id='line_1_2' title="bbox 141 231 827 296; baseline -0.003 -14"><span class='ocrx_word' id='word_1_6' title='bbox 141 234 300 282; x_wconf 86' lang='lat' dir='ltr'>oonsultorum</span> <span class='ocrx_word' id='word_1_7' title='bbox 316 231 430 296; x_wconf 76' lang='lat' dir='ltr'>responsis</span> <span class='ocrx_word' id='word_1_8' title='bbox 445 231 599 296; x_wconf 77' lang='lat' dir='ltr'>expliouutur,</span> <span class='ocrx_word' id='word_1_9' title='bbox 611 231 692 279; x_wconf 80' lang='lat' dir='ltr'>autin</span> <span class='ocrx_word' id='word_1_10' title='bbox 704 234 827 281; x_wconf 77' lang='lat' dir='ltr'>verborum</span> 
     </span>
     <span class='ocr_line' id='line_1_3' title="bbox 143 295 828 425; baseline -0.006 -14"><span class='ocrx_word' id='word_1_11' title='bbox 143 297 330 411; x_wconf 63' lang='lat' dir='ltr'>nnsis</span> <span class='ocrx_word' id='word_1_12' title='bbox 339 297 540 425; x_wconf 68' lang='lat' dir='ltr'>nnntn</span> <span class='ocrx_word' id='word_1_13' title='bbox 549 295 828 422; x_wconf 51' lang='lat' dir='ltr'>Mn.</span> 
     </span>
     <span class='ocr_line' id='line_1_4' title="bbox 685 395 694 418; baseline 0 0"><span class='ocrx_word' id='word_1_14' title='bbox 685 395 694 418; x_wconf 66' lang='lat'>5</span> 
     </span>
    </p>

    <p class='ocr_par' dir='ltr' id='par_1_3' title="bbox 144 425 831 990">
     <span class='ocr_line' id='line_1_5' title="bbox 144 425 829 490; baseline -0.003 -16"><span class='ocrx_word' id='word_1_15' title='bbox 144 441 216 474; x_wconf 87' lang='lat' dir='ltr'>mune</span> <span class='ocrx_word' id='word_1_16' title='bbox 226 426 375 489; x_wconf 88' lang='lat' dir='ltr'>prudentium</span> <span class='ocrx_word' id='word_1_17' title='bbox 386 435 429 486; x_wconf 90' lang='lat' dir='ltr'>est,</span> <span class='ocrx_word' id='word_1_18' title='bbox 440 433 482 472; x_wconf 83' lang='lat' dir='ltr'>sut</span> <span class='ocrx_word' id='word_1_19' title='bbox 492 425 612 489; x_wconf 88' lang='lat' dir='ltr'>proprium</span> <span class='ocrx_word' id='word_1_20' title='bbox 622 426 742 474; x_wconf 79' lang='lat' dir='ltr'>oratoris:</span> <span class='ocrx_word' id='word_1_21' title='bbox 762 425 829 490; x_wconf 72' lang='lat' dir='ltr'>asqui-</span> 
     </span>
     <span class='ocr_line' id='line_1_6' title="bbox 145 489 828 554; baseline -0.004 -15"><span class='ocrx_word' id='word_1_22' title='bbox 145 499 181 539; x_wconf 73' lang='lat' dir='ltr'>tos</span> <span class='ocrx_word' id='word_1_23' title='bbox 197 491 286 554; x_wconf 87' lang='lat' dir='ltr'>optimo</span> <span class='ocrx_word' id='word_1_24' title='bbox 302 491 385 554; x_wconf 78' lang='lat' dir='ltr'>ruique</span> <span class='ocrx_word' id='word_1_25' title='bbox 400 489 528 538; x_wconf 75' lang='lat' dir='ltr'>notissimo.</span> <span class='ocrx_word' id='word_1_26' title='bbox 552 490 604 536; x_wconf 87' lang='lat' dir='ltr'>Nos</span> <span class='ocrx_word' id='word_1_27' title='bbox 620 504 693 552; x_wconf 91' lang='lat' dir='ltr'>porro</span> <span class='ocrx_word' id='word_1_28' title='bbox 706 500 733 538; x_wconf 89' lang='lat' dir='ltr'>et</span> <span class='ocrx_word' id='word_1_29' title='bbox 743 493 828 538; x_wconf 86' lang='lat' dir='ltr'>bonum</span> 
     </span>
     <span class='ocr_line' id='line_1_7' title="bbox 145 553 828 619; baseline -0.001 -16"><span class='ocrx_word' id='word_1_30' title='bbox 145 556 231 614; x_wconf 72' lang='lat' dir='ltr'>vuum,</span> <span class='ocrx_word' id='word_1_31' title='bbox 248 563 271 603; x_wconf 90' lang='lat' dir='ltr'>et</span> <span class='ocrx_word' id='word_1_32' title='bbox 284 553 421 619; x_wconf 81' lang='lat' dir='ltr'><strong>prudentem</strong></span> <span class='ocrx_word' id='word_1_33' title='bbox 437 554 462 601; x_wconf 92' lang='lat' dir='ltr'>in</span> <span class='ocrx_word' id='word_1_34' title='bbox 476 554 558 616; x_wconf 86' lang='lat' dir='ltr'>primis</span> <span class='ocrx_word' id='word_1_35' title='bbox 574 562 694 601; x_wconf 73' lang='lat' dir='ltr'>oratorem</span> <span class='ocrx_word' id='word_1_36' title='bbox 710 564 828 618; x_wconf 80' lang='lat' dir='ltr'>putamus,</span> 
     </span>
     <span class='ocr_line' id='line_1_8' title="bbox 147 617 829 684; baseline -0.001 -17"><span class='ocrx_word' id='word_1_37' title='bbox 147 620 197 684; x_wconf 88' lang='lat' dir='ltr'>qui,</span> <span class='ocrx_word' id='word_1_38' title='bbox 213 635 267 667; x_wconf 85' lang='lat' dir='ltr'>cum</span> <span class='ocrx_word' id='word_1_39' title='bbox 281 635 305 668; x_wconf 86' lang='lat' dir='ltr'>se</span> <span class='ocrx_word' id='word_1_40' title='bbox 317 619 347 666; x_wconf 84' lang='lat' dir='ltr'>sd</span> <span class='ocrx_word' id='word_1_41' title='bbox 364 619 397 676; x_wconf 92' lang='lat' dir='ltr'>id,</span> <span class='ocrx_word' id='word_1_42' title='bbox 415 618 478 683; x_wconf 92' lang='lat' dir='ltr'>quod</span> <span class='ocrx_word' id='word_1_43' title='bbox 493 627 527 667; x_wconf 88' lang='lat' dir='ltr'>est</span> <span class='ocrx_word' id='word_1_44' title='bbox 543 617 662 682; x_wconf 89' lang='lat' dir='ltr'>optimum</span> <span class='ocrx_word' id='word_1_45' title='bbox 680 619 782 678; x_wconf 71' lang='lat' dir='ltr'>naturi,</span> <span class='ocrx_word' id='word_1_46' title='bbox 798 617 829 665; x_wconf 91' lang='lat' dir='ltr'>di·</span> 
     </span>
     <span class='ocr_line' id='line_1_9' title="bbox 146 680 830 748; baseline -0.001 -16"><span class='ocrx_word' id='word_1_47' title='bbox 146 685 239 743; x_wconf 81' lang='lat' dir='ltr'>rexerit,</span> <span class='ocrx_word' id='word_1_48' title='bbox 251 697 298 732; x_wconf 89' lang='lat' dir='ltr'>non</span> <span class='ocrx_word' id='word_1_49' title='bbox 308 697 448 748; x_wconf 75' lang='lat' dir='ltr'>magnopere</span> <span class='ocrx_word' id='word_1_50' title='bbox 457 681 651 740; x_wconf 75' lang='lat' dir='ltr'>sommovebitur,</span> <span class='ocrx_word' id='word_1_51' title='bbox 664 680 685 730; x_wconf 87' lang='lat' dir='ltr'>si</span> <span class='ocrx_word' id='word_1_52' title='bbox 696 683 757 746; x_wconf 86' lang='lat' dir='ltr'>quis</span> <span class='ocrx_word' id='word_1_53' title='bbox 768 686 797 731; x_wconf 85' lang='lat' dir='ltr'>sh</span> <span class='ocrx_word' id='word_1_54' title='bbox 807 697 830 731; x_wconf 88' lang='lat' dir='ltr'>eo</span> 
     </span>
     <span class='ocr_line' id='line_1_10' title="bbox 147 745 829 810; baseline -0.003 -13"><span class='ocrx_word' id='word_1_55' title='bbox 147 750 265 798; x_wconf 81' lang='lat' dir='ltr'>consultus</span> <span class='ocrx_word' id='word_1_56' title='bbox 276 748 403 807; x_wconf 74' lang='lat' dir='ltr'>dissentiet,</span> <span class='ocrx_word' id='word_1_57' title='bbox 419 760 473 796; x_wconf 82' lang='lat' dir='ltr'>cunr</span> <span class='ocrx_word' id='word_1_58' title='bbox 489 747 546 810; x_wconf 88' lang='lat' dir='ltr'>ipsis</span> <span class='ocrx_word' id='word_1_59' title='bbox 557 747 604 794; x_wconf 86' lang='lat' dir='ltr'>illis</span> <span class='ocrx_word' id='word_1_60' title='bbox 614 745 725 795; x_wconf 78' lang='lat' dir='ltr'>diversas</span> <span class='ocrx_word' id='word_1_61' title='bbox 740 747 801 796; x_wconf 84' lang='lat' dir='ltr'>inter</span> <span class='ocrx_word' id='word_1_62' title='bbox 809 763 829 795; x_wconf 85' lang='lat' dir='ltr'>se</span> 
     </span>
     <span class='ocr_line' id='line_1_11' title="bbox 147 811 829 878; baseline -0.003 -17"><span class='ocrx_word' id='word_1_63' title='bbox 147 814 266 878; x_wconf 77' lang='lat' dir='ltr'>opiniones</span> <span class='ocrx_word' id='word_1_64' title='bbox 276 812 335 861; x_wconf 85' lang='lat' dir='ltr'>tueri</span> <span class='ocrx_word' id='word_1_65' title='bbox 346 823 479 860; x_wconf 65' lang='lat' dir='ltr'>oonoaetum</span> <span class='ocrx_word' id='word_1_66' title='bbox 489 811 527 859; x_wconf 81' lang='lat' dir='ltr'>eit.</span> <span class='ocrx_word' id='word_1_67' title='bbox 552 811 607 870; x_wconf 81' lang='lat' dir='ltr'>sed,</span> <span class='ocrx_word' id='word_1_68' title='bbox 624 811 700 858; x_wconf 80' lang='lat' dir='ltr'>etiam</span> <span class='ocrx_word' id='word_1_69' title='bbox 720 813 743 860; x_wconf 87' lang='lat' dir='ltr'>si</span> <span class='ocrx_word' id='word_1_70' title='bbox 760 815 829 870; x_wconf 68' lang='lat' dir='ltr'>nint,</span> 
     </span>
     <span class='ocr_line' id='line_1_12' title="bbox 147 874 831 942; baseline -0.003 -16"><span class='ocrx_word' id='word_1_71' title='bbox 147 879 205 942; x_wconf 92' lang='lat' dir='ltr'>quid</span> <span class='ocrx_word' id='word_1_72' title='bbox 216 878 313 942; x_wconf 85' lang='lat' dir='ltr'>quisque</span> <span class='ocrx_word' id='word_1_73' title='bbox 329 877 431 936; x_wconf 73' lang='lat' dir='ltr'>senserit,</span> <span class='ocrx_word' id='word_1_74' title='bbox 448 877 518 934; x_wconf 85' lang='lat' dir='ltr'>volet,</span> <span class='ocrx_word' id='word_1_75' title='bbox 534 874 638 923; x_wconf 83' lang='lat' dir='ltr'>lectionis</span> <span class='ocrx_word' id='word_1_76' title='bbox 653 890 720 939; x_wconf 88' lang='lat' dir='ltr'>opus</span> <span class='ocrx_word' id='word_1_77' title='bbox 731 885 778 938; x_wconf 81' lang='lat' dir='ltr'>est,</span> <span class='ocrx_word' id='word_1_78' title='bbox 789 878 831 941; x_wconf 82' lang='lat' dir='ltr'>qui</span> 
     </span>
     <span class='ocr_line' id='line_1_13' title="bbox 148 941 624 990; baseline -0.006 0"><span class='ocrx_word' id='word_1_79' title='bbox 148 943 208 990; x_wconf 91' lang='lat' dir='ltr'>nihil</span> <span class='ocrx_word' id='word_1_80' title='bbox 218 951 252 990; x_wconf 87' lang='lat' dir='ltr'>est</span> <span class='ocrx_word' id='word_1_81' title='bbox 262 942 287 988; x_wconf 93' lang='lat' dir='ltr'>in</span> <span class='ocrx_word' id='word_1_82' title='bbox 295 942 377 989; x_wconf 89' lang='lat' dir='ltr'>studiis</span> <span class='ocrx_word' id='word_1_83' title='bbox 387 942 465 988; x_wconf 88' lang='lat' dir='ltr'>minus</span> <span class='ocrx_word' id='word_1_84' title='bbox 475 941 624 988; x_wconf 74' lang='lat' dir='ltr'>laboriosum.</span> 
     </span>
    </p>

    <p class='ocr_par' dir='ltr' id='par_1_4' title="bbox 145 1003 888 1974">
     <span class='ocr_line' id='line_1_14' title="bbox 180 1003 831 1070; baseline -0.003 -16"><span class='ocrx_word' id='word_1_85' title='bbox 180 1006 253 1065; x_wconf 89' lang='lat' dir='ltr'>Quod</span> <span class='ocrx_word' id='word_1_86' title='bbox 269 1007 288 1056; x_wconf 85' lang='lat' dir='ltr'>si</span> <span class='ocrx_word' id='word_1_87' title='bbox 303 1006 415 1070; x_wconf 81' lang='lat' dir='ltr'>plerique,</span> <span class='ocrx_word' id='word_1_88' title='bbox 431 1004 551 1070; x_wconf 71' lang='lat' dir='ltr'>desperati</span> <span class='ocrx_word' id='word_1_89' title='bbox 566 1004 680 1053; x_wconf 72' lang='lat' dir='ltr'>facultate</span> <span class='ocrx_word' id='word_1_90' title='bbox 694 1005 795 1068; x_wconf 79' lang='lat' dir='ltr'>agendi,</span> <span class='ocrx_word' id='word_1_91' title='bbox 805 1003 831 1052; x_wconf 78' lang='lat' dir='ltr'>sd</span> 
     </span>
     <span class='ocr_line' id='line_1_15' title="bbox 148 1068 832 1132; baseline -0.006 -12"><span class='ocrx_word' id='word_1_92' title='bbox 148 1071 283 1120; x_wconf 86' lang='lat' dir='ltr'>discendum</span> <span class='ocrx_word' id='word_1_93' title='bbox 292 1072 331 1132; x_wconf 89' lang='lat' dir='ltr'>jus</span> <span class='ocrx_word' id='word_1_94' title='bbox 339 1071 518 1130; x_wconf 73' lang='lat' dir='ltr'>declinaverunt,</span> <span class='ocrx_word' id='word_1_95' title='bbox 543 1084 599 1116; x_wconf 78' lang='lat' dir='ltr'>usm</span> <span class='ocrx_word' id='word_1_96' title='bbox 609 1068 635 1116; x_wconf 93' lang='lat' dir='ltr'>id</span> <span class='ocrx_word' id='word_1_97' title='bbox 646 1070 708 1117; x_wconf 84' lang='lat' dir='ltr'>scire</span> <span class='ocrx_word' id='word_1_98' title='bbox 721 1070 793 1118; x_wconf 73' lang='lat' dir='ltr'>faule</span> <span class='ocrx_word' id='word_1_99' title='bbox 803 1079 832 1116; x_wconf 75' lang='lat' dir='ltr'>est</span> 
     </span>
     <span class='ocr_line' id='line_1_16' title="bbox 147 1134 831 1200; baseline -0.003 -16"><span class='ocrx_word' id='word_1_100' title='bbox 147 1135 240 1196; x_wconf 73' lang='lat' dir='ltr'>oratori,</span> <span class='ocrx_word' id='word_1_101' title='bbox 252 1135 315 1200; x_wconf 90' lang='lat' dir='ltr'>quod</span> <span class='ocrx_word' id='word_1_102' title='bbox 331 1135 430 1194; x_wconf 86' lang='lat' dir='ltr'>diseunt,</span> <span class='ocrx_word' id='word_1_103' title='bbox 444 1134 495 1198; x_wconf 90' lang='lat' dir='ltr'>qui,</span> <span class='ocrx_word' id='word_1_104' title='bbox 508 1149 536 1181; x_wconf 88' lang='lat' dir='ltr'>su</span> <span class='ocrx_word' id='word_1_105' title='bbox 566 1147 663 1197; x_wconf 84' lang='lat' dir='ltr'>quoque</span> <span class='ocrx_word' id='word_1_106' title='bbox 678 1135 831 1192; x_wconf 79' lang='lat' dir='ltr'>oonfessime,</span> 
     </span>
     <span class='ocr_line' id='line_1_17' title="bbox 148 1197 887 1263; baseline -0.001 -14"><span class='ocrx_word' id='word_1_107' title='bbox 148 1209 248 1248; x_wconf 72' lang='lat' dir='ltr'>oratores</span> <span class='ocrx_word' id='word_1_108' title='bbox 264 1213 374 1248; x_wconf 82' lang='lat' dir='ltr'>essenon</span> <span class='ocrx_word' id='word_1_109' title='bbox 385 1199 495 1263; x_wconf 82' lang='lat' dir='ltr'>possunt!</span> <span class='ocrx_word' id='word_1_110' title='bbox 514 1197 605 1246; x_wconf 86' lang='lat' dir='ltr'>Verum</span> <span class='ocrx_word' id='word_1_111' title='bbox 616 1206 639 1244; x_wconf 90' lang='lat' dir='ltr'>et</span> <span class='ocrx_word' id='word_1_112' title='bbox 651 1198 692 1245; x_wconf 89' lang='lat' dir='ltr'>M.</span> <span class='ocrx_word' id='word_1_113' title='bbox 706 1199 832 1247; x_wconf 71' lang='lat' dir='ltr'>catomo</span> <span class='ocrx_word' id='word_1_114' title='bbox 886 1241 887 1262; x_wconf 66' lang='lat'>,</span> 
     </span>
     <span class='ocr_line' id='line_1_18' title="bbox 148 1261 834 1328; baseline -0.001 -16"><span class='ocrx_word' id='word_1_115' title='bbox 148 1265 278 1313; x_wconf 79' lang='lat' dir='ltr'>indicendo</span> <span class='ocrx_word' id='word_1_116' title='bbox 287 1263 496 1328; x_wconf 71' lang='lat' dir='ltr'>prestantissimae,</span> <span class='ocrx_word' id='word_1_117' title='bbox 506 1270 559 1310; x_wconf 85' lang='lat' dir='ltr'>turn</span> <span class='ocrx_word' id='word_1_118' title='bbox 568 1261 627 1323; x_wconf 82' lang='lat' dir='ltr'>juris</span> <span class='ocrx_word' id='word_1_119' title='bbox 636 1262 704 1310; x_wconf 87' lang='lat' dir='ltr'>idem</span> <span class='ocrx_word' id='word_1_120' title='bbox 716 1263 769 1312; x_wconf 86' lang='lat' dir='ltr'>fuit</span> <span class='ocrx_word' id='word_1_121' title='bbox 778 1262 834 1327; x_wconf 78' lang='lat' dir='ltr'>pai-</span> 
     </span>
     <span class='ocr_line' id='line_1_19' title="bbox 149 1326 834 1392; baseline -0.003 -15"><span class='ocrx_word' id='word_1_122' title='bbox 149 1329 266 1386; x_wconf 58' lang='lat' dir='ltr'>tissimum</span> <span class='ocrx_word' id='word_1_123' title='bbox 279 1337 302 1377; x_wconf 87' lang='lat' dir='ltr'>et</span> <span class='ocrx_word' id='word_1_124' title='bbox 312 1329 419 1377; x_wconf 79' lang='lat' dir='ltr'>Sooevolre</span> <span class='ocrx_word' id='word_1_125' title='bbox 430 1327 554 1392; x_wconf 79' lang='lat' dir='ltr'>Servioque</span> <span class='ocrx_word' id='word_1_126' title='bbox 563 1326 670 1389; x_wconf 84' lang='lat' dir='ltr'>Sulpicio</span> <span class='ocrx_word' id='word_1_127' title='bbox 678 1341 795 1377; x_wconf 71' lang='lat' dir='ltr'>conooess</span> <span class='ocrx_word' id='word_1_128' title='bbox 804 1335 834 1375; x_wconf 81' lang='lat' dir='ltr'>est</span> 
     </span>
     <span class='ocr_line' id='line_1_20' title="bbox 150 1390 833 1442; baseline -0.001 -1"><span class='ocrx_word' id='word_1_129' title='bbox 150 1393 220 1442; x_wconf 82' lang='lat' dir='ltr'>etism</span> <span class='ocrx_word' id='word_1_130' title='bbox 235 1393 349 1441; x_wconf 70' lang='lat' dir='ltr'>facundis</span> <span class='ocrx_word' id='word_1_131' title='bbox 368 1392 448 1441; x_wconf 86' lang='lat' dir='ltr'>virtus.</span> <span class='ocrx_word' id='word_1_132' title='bbox 474 1393 509 1440; x_wconf 86' lang='lat' dir='ltr'>Et</span> <span class='ocrx_word' id='word_1_133' title='bbox 523 1393 561 1440; x_wconf 89' lang='grc' dir='ltr'>Μ.</span> <span class='ocrx_word' id='word_1_134' title='bbox 581 1390 680 1438; x_wconf 83' lang='lat' dir='ltr'>Tullius</span> <span class='ocrx_word' id='word_1_135' title='bbox 697 1407 751 1440; x_wconf 88' lang='lat' dir='ltr'>non</span> <span class='ocrx_word' id='word_1_136' title='bbox 768 1392 833 1440; x_wconf 88' lang='lat' dir='ltr'>modo</span> 
     </span>
     <span class='ocr_line' id='line_1_21' title="bbox 149 1455 834 1522; baseline 0.001 -17"><span class='ocrx_word' id='word_1_137' title='bbox 149 1458 209 1506; x_wconf 87' lang='lat' dir='ltr'>inter</span> <span class='ocrx_word' id='word_1_138' title='bbox 220 1458 336 1522; x_wconf 82' lang='lat' dir='ltr'>egendum</span> <span class='ocrx_word' id='word_1_139' title='bbox 347 1472 468 1522; x_wconf 77' lang='lat' dir='ltr'>nunquam</span> <span class='ocrx_word' id='word_1_140' title='bbox 479 1465 513 1504; x_wconf 82' lang='lat' dir='ltr'>est</span> <span class='ocrx_word' id='word_1_141' title='bbox 522 1455 645 1504; x_wconf 89' lang='lat' dir='ltr'>destitutus</span> <span class='ocrx_word' id='word_1_142' title='bbox 657 1456 762 1505; x_wconf 74' lang='lat' dir='ltr'>scientiis</span> <span class='ocrx_word' id='word_1_143' title='bbox 770 1458 834 1520; x_wconf 77' lang='lat' dir='ltr'>ituit,</span> 
     </span>
     <span class='ocr_line' id='line_1_22' title="bbox 151 1520 835 1586; baseline -0.001 -15"><span class='ocrx_word' id='word_1_144' title='bbox 151 1523 190 1571; x_wconf 88' lang='lat' dir='ltr'>sed</span> <span class='ocrx_word' id='word_1_145' title='bbox 206 1523 276 1571; x_wconf 82' lang='lat' dir='ltr'>etiam</span> <span class='ocrx_word' id='word_1_146' title='bbox 292 1536 427 1585; x_wconf 82' lang='lat' dir='ltr'>componere</span> <span class='ocrx_word' id='word_1_147' title='bbox 443 1521 522 1584; x_wconf 79' lang='lat' dir='ltr'>alique</span> <span class='ocrx_word' id='word_1_148' title='bbox 537 1520 566 1568; x_wconf 93' lang='lat' dir='ltr'>de</span> <span class='ocrx_word' id='word_1_149' title='bbox 576 1535 604 1568; x_wconf 90' lang='lat' dir='ltr'>eo</span> <span class='ocrx_word' id='word_1_150' title='bbox 614 1529 738 1584; x_wconf 70' lang='lat' dir='ltr'>coperatr</span> <span class='ocrx_word' id='word_1_151' title='bbox 757 1531 787 1570; x_wconf 86' lang='lat' dir='ltr'>nt</span> <span class='ocrx_word' id='word_1_152' title='bbox 796 1537 835 1586; x_wconf 82' lang='lat' dir='ltr'>sp</span> 
     </span>
     <span class='ocr_line' id='line_1_23' title="bbox 151 1584 835 1651; baseline -0.001 -15"><span class='ocrx_word' id='word_1_153' title='bbox 151 1595 238 1651; x_wconf 78' lang='lat' dir='ltr'>pareat,</span> <span class='ocrx_word' id='word_1_154' title='bbox 250 1602 316 1650; x_wconf 86' lang='lat' dir='ltr'>posse</span> <span class='ocrx_word' id='word_1_155' title='bbox 326 1596 439 1634; x_wconf 79' lang='lat' dir='ltr'>oratorem</span> <span class='ocrx_word' id='word_1_156' title='bbox 449 1601 497 1633; x_wconf 91' lang='lat' dir='ltr'>non</span> <span class='ocrx_word' id='word_1_157' title='bbox 507 1584 614 1634; x_wconf 68' lang='lat' dir='ltr'>distendo</span> <span class='ocrx_word' id='word_1_158' title='bbox 625 1593 725 1634; x_wconf 78' lang='lat' dir='ltr'>tentum</span> <span class='ocrx_word' id='word_1_159' title='bbox 736 1587 788 1649; x_wconf 84' lang='lat' dir='ltr'>juri</span> <span class='ocrx_word' id='word_1_160' title='bbox 799 1603 835 1634; x_wconf 81' lang='lat' dir='ltr'>rs·</span> 
     </span>
     <span class='ocr_line' id='line_1_24' title="bbox 151 1651 835 1712; baseline -0.001 -12"><span class='ocrx_word' id='word_1_161' title='bbox 151 1667 210 1712; x_wconf 72' lang='grc' dir='ltr'>ωε,</span> <span class='ocrx_word' id='word_1_162' title='bbox 222 1653 262 1700; x_wconf 89' lang='lat' dir='ltr'>sed</span> <span class='ocrx_word' id='word_1_163' title='bbox 272 1652 342 1700; x_wconf 84' lang='lat' dir='ltr'>etism</span> <span class='ocrx_word' id='word_1_164' title='bbox 352 1651 462 1699; x_wconf 80' lang='lat' dir='ltr'>docendo.</span> <span class='ocrx_word' id='word_1_165' title='bbox 478 1651 569 1699; x_wconf 82' lang='lat' dir='ltr'>Verum</span> <span class='ocrx_word' id='word_1_166' title='bbox 577 1665 612 1707; x_wconf 84' lang='lat' dir='ltr'>es,</span> <span class='ocrx_word' id='word_1_167' title='bbox 621 1665 677 1712; x_wconf 81' lang='lat' dir='ltr'>quoe</span> <span class='ocrx_word' id='word_1_168' title='bbox 688 1651 721 1699; x_wconf 86' lang='lat' dir='ltr'>de</span> <span class='ocrx_word' id='word_1_169' title='bbox 729 1651 835 1699; x_wconf 72' lang='lat' dir='ltr'>mannus</span> 
     </span>
     <span class='ocr_line' id='line_1_25' title="bbox 152 1713 835 1780; baseline 0.001 -17"><span class='ocrx_word' id='word_1_170' title='bbox 152 1716 281 1765; x_wconf 78' lang='lat' dir='ltr'>excolendis</span> <span class='ocrx_word' id='word_1_171' title='bbox 299 1715 420 1780; x_wconf 89' lang='lat' dir='ltr'>studioque</span> <span class='ocrx_word' id='word_1_172' title='bbox 434 1715 494 1778; x_wconf 80' lang='lat' dir='ltr'>juris</span> <span class='ocrx_word' id='word_1_173' title='bbox 511 1713 667 1778; x_wconf 74' lang='lat' dir='ltr'>precipimus,</span> <span class='ocrx_word' id='word_1_174' title='bbox 686 1729 719 1762; x_wconf 89' lang='lat' dir='ltr'>ne</span> <span class='ocrx_word' id='word_1_175' title='bbox 737 1717 795 1780; x_wconf 87' lang='lat' dir='ltr'>quis</span> <span class='ocrx_word' id='word_1_176' title='bbox 811 1729 835 1763; x_wconf 87' lang='lat' dir='ltr'>eo</span> 
     </span>
     <span class='ocr_line' id='line_1_26' title="bbox 151 1779 835 1856; baseline -0.001 -28"><span class='ocrx_word' id='word_1_177' title='bbox 151 1781 228 1828; x_wconf 83' lang='lat' dir='ltr'>credet</span> <span class='ocrx_word' id='word_1_178' title='bbox 235 1780 429 1844; x_wconf 76' lang='lat' dir='ltr'>reprehendendo,</span> <span class='ocrx_word' id='word_1_179' title='bbox 439 1779 502 1844; x_wconf 91' lang='lat' dir='ltr'>quod</span> <span class='ocrx_word' id='word_1_180' title='bbox 512 1779 598 1827; x_wconf 85' lang='lat' dir='ltr'>multos</span> <span class='ocrx_word' id='word_1_181' title='bbox 606 1779 779 1840; x_wconf 83' lang='lat' dir='ltr'>cognovimus,</span> <span class='ocrx_word' id='word_1_182' title='bbox 788 1779 835 1856; x_wconf 77' lang='lat' dir='ltr'>qui,</span> 
     </span>
     <span class='ocr_line' id='line_1_27' title="bbox 151 1842 836 1909; baseline 0.003 -18"><span class='ocrx_word' id='word_1_183' title='bbox 151 1845 220 1892; x_wconf 73' lang='lat' dir='ltr'>tedio</span> <span class='ocrx_word' id='word_1_184' title='bbox 230 1845 322 1905; x_wconf 73' lang='lat' dir='ltr'>laboris,</span> <span class='ocrx_word' id='word_1_185' title='bbox 333 1860 404 1909; x_wconf 88' lang='lat' dir='ltr'>quem</span> <span class='ocrx_word' id='word_1_186' title='bbox 414 1845 473 1893; x_wconf 79' lang='lat' dir='ltr'>ferre</span> <span class='ocrx_word' id='word_1_187' title='bbox 479 1843 625 1892; x_wconf 75' lang='lat' dir='ltr'>tendentibus</span> <span class='ocrx_word' id='word_1_188' title='bbox 632 1842 664 1889; x_wconf 86' lang='lat' dir='ltr'>ed</span> <span class='ocrx_word' id='word_1_189' title='bbox 672 1843 836 1908; x_wconf 72' lang='lat' dir='ltr'>eloquentum</span> 
     </span>
     <span class='ocr_line' id='line_1_28' title="bbox 145 1905 888 1974; baseline -0.001 -19"><span class='ocrx_word' id='word_1_190' title='bbox 145 1909 242 1956; x_wconf 72' lang='lat' dir='ltr'>&#39;necesse</span> <span class='ocrx_word' id='word_1_191' title='bbox 253 1917 295 1966; x_wconf 86' lang='lat' dir='ltr'>est,</span> <span class='ocrx_word' id='word_1_192' title='bbox 311 1909 454 1972; x_wconf 80' lang='lat' dir='ltr'>oonttrgerint</span> <span class='ocrx_word' id='word_1_193' title='bbox 466 1908 497 1956; x_wconf 81' lang='lat' dir='ltr'>sd</span> <span class='ocrx_word' id='word_1_194' title='bbox 510 1909 560 1955; x_wconf 84' lang='lat' dir='ltr'>hsec</span> <span class='ocrx_word' id='word_1_195' title='bbox 573 1905 711 1954; x_wconf 75' lang='lat' dir='ltr'>diverticula</span> <span class='ocrx_word' id='word_1_196' title='bbox 723 1909 835 1957; x_wconf 72' lang='lat' dir='ltr'>desidie:</span> <span class='ocrx_word' id='word_1_197' title='bbox 887 1959 888 1974; x_wconf 14' lang='grc' dir='ltr'><strong>χ</strong></span> 
     </span>
    </p>

    <p class='ocr_par' dir='ltr' id='par_1_5' title="bbox 151 1971 888 2614">
     <span class='ocr_line' id='line_1_29' title="bbox 168 1971 888 2033; baseline -0.001 -13"><span class='ocrx_word' id='word_1_198' title='bbox 168 1987 252 2020; x_wconf 88' lang='lat' dir='ltr'>uorum</span> <span class='ocrx_word' id='word_1_199' title='bbox 263 1972 302 2020; x_wconf 75' lang='lat' dir='ltr'>alii</span> <span class='ocrx_word' id='word_1_200' title='bbox 313 1989 336 2021; x_wconf 89' lang='lat' dir='ltr'>se</span> <span class='ocrx_word' id='word_1_201' title='bbox 346 1974 377 2022; x_wconf 82' lang='lat' dir='ltr'>ed</span> <span class='ocrx_word' id='word_1_202' title='bbox 387 1975 467 2022; x_wconf 77' lang='lat' dir='ltr'>album</span> <span class='ocrx_word' id='word_1_203' title='bbox 475 1988 502 2020; x_wconf 85' lang='lat' dir='ltr'>sc</span> <span class='ocrx_word' id='word_1_204' title='bbox 509 1971 611 2020; x_wconf 83' lang='lat' dir='ltr'>rubrioes</span> <span class='ocrx_word' id='word_1_205' title='bbox 618 1973 806 2033; x_wconf 69' lang='lat' dir='ltr'>transmiserunt,</span> <span class='ocrx_word' id='word_1_206' title='bbox 817 1979 838 2019; x_wconf 65' lang='grc' dir='ltr'><strong><em>α</em></strong></span> <span class='ocrx_word' id='word_1_207' title='bbox 887 1979 888 1984; x_wconf 78' lang='grc'>’</span> 
     </span>
     <span class='ocr_line' id='line_1_30' title="bbox 152 1987 888 2102; baseline 0.001 -17"><span class='ocrx_word' id='word_1_208' title='bbox 152 1987 289 2097; x_wconf 72' lang='lat' dir='ltr'>ionnulnrii,</span> <span class='ocrx_word' id='word_1_209' title='bbox 301 2039 338 2086; x_wconf 85' lang='lat' dir='ltr'>vel</span> <span class='ocrx_word' id='word_1_210' title='bbox 355 2039 393 2102; x_wconf 90' lang='lat' dir='ltr'>(ut</span> <span class='ocrx_word' id='word_1_211' title='bbox 403 2039 483 2086; x_wconf 83' lang='lat' dir='ltr'>Cicero</span> <span class='ocrx_word' id='word_1_212' title='bbox 493 2035 536 2097; x_wconf 80' lang='lat' dir='ltr'>sit)</span> <span class='ocrx_word' id='word_1_213' title='bbox 554 2037 649 2097; x_wconf 61' lang='lat' dir='ltr'>tegeotett</span> <span class='ocrx_word' id='word_1_214' title='bbox 666 2036 775 2098; x_wconf 77' lang='lat' dir='ltr'>quidam</span> <span class='ocrx_word' id='word_1_215' title='bbox 792 2051 838 2086; x_wconf 83' lang='lat' dir='ltr'>esse</span> <span class='ocrx_word' id='word_1_216' title='bbox 887 2059 888 2064; x_wconf 45' lang='lat'>¹</span> 
     </span>
     <span class='ocr_line' id='line_1_31' title="bbox 152 2100 888 2167; baseline 0 -17"><span class='ocrx_word' id='word_1_217' title='bbox 152 2103 293 2162; x_wconf 77' lang='lat' dir='ltr'>maluerunt,</span> <span class='ocrx_word' id='word_1_218' title='bbox 312 2112 432 2167; x_wconf 72' lang='lat' dir='ltr'>tamquam</span> <span class='ocrx_word' id='word_1_219' title='bbox 446 2101 539 2149; x_wconf 82' lang='lat' dir='ltr'>utiliore</span> <span class='ocrx_word' id='word_1_220' title='bbox 552 2100 662 2162; x_wconf 77' lang='lat' dir='ltr'>eligentes</span> <span class='ocrx_word' id='word_1_221' title='bbox 676 2116 714 2159; x_wconf 77' lang='lat' dir='ltr'>ss,</span> <span class='ocrx_word' id='word_1_222' title='bbox 733 2117 838 2166; x_wconf 87' lang='lat' dir='ltr'>quorum</span> <span class='ocrx_word' id='word_1_223' title='bbox 887 2101 888 2110; x_wconf 50' lang='lat'><strong>³</strong></span> 
     </span>
     <span class='ocr_line' id='line_1_32' title="bbox 153 2163 838 2230; baseline 0 -16"><span class='ocrx_word' id='word_1_224' title='bbox 153 2167 227 2215; x_wconf 82' lang='lat' dir='ltr'>solum</span> <span class='ocrx_word' id='word_1_225' title='bbox 248 2168 381 2216; x_wconf 75' lang='lat' dir='ltr'>facilitatem</span> <span class='ocrx_word' id='word_1_226' title='bbox 400 2168 567 2230; x_wconf 75' lang='lat' dir='ltr'>sequebanturt</span> <span class='ocrx_word' id='word_1_227' title='bbox 590 2163 630 2211; x_wconf 71' lang='lat' dir='ltr'>ulii</span> <span class='ocrx_word' id='word_1_228' title='bbox 647 2163 758 2226; x_wconf 67' lang='lat' dir='ltr'>pigritie</span> <span class='ocrx_word' id='word_1_229' title='bbox 775 2181 838 2214; x_wconf 75' lang='lat' dir='ltr'>erro·</span> 
     </span>
     <span class='ocr_line' id='line_1_33' title="bbox 156 2228 838 2296; baseline 0 -17"><span class='ocrx_word' id='word_1_230' title='bbox 156 2232 275 2293; x_wconf 75' lang='lat' dir='ltr'>guntionis,</span> <span class='ocrx_word' id='word_1_231' title='bbox 284 2232 334 2296; x_wconf 88' lang='lat' dir='ltr'>qui,</span> <span class='ocrx_word' id='word_1_232' title='bbox 341 2231 418 2280; x_wconf 84' lang='lat' dir='ltr'>subito</span> <span class='ocrx_word' id='word_1_233' title='bbox 425 2231 500 2279; x_wconf 80' lang='lat' dir='ltr'>fronte</span> <span class='ocrx_word' id='word_1_234' title='bbox 507 2229 611 2288; x_wconf 68' lang='lat' dir='ltr'>confini,</span> <span class='ocrx_word' id='word_1_235' title='bbox 620 2228 782 2295; x_wconf 65' lang='lat' dir='ltr'>immissisqw</span> <span class='ocrx_word' id='word_1_236' title='bbox 790 2233 838 2279; x_wconf 80' lang='lat' dir='ltr'>ber·</span> 
     </span>
     <span class='ocr_line' id='line_1_34' title="bbox 154 2294 835 2360; baseline 0.001 -18"><span class='ocrx_word' id='word_1_237' title='bbox 154 2295 193 2354; x_wconf 79' lang='lat' dir='ltr'>bt,</span> <span class='ocrx_word' id='word_1_238' title='bbox 210 2297 282 2343; x_wconf 84' lang='lat' dir='ltr'>veluti</span> <span class='ocrx_word' id='word_1_239' title='bbox 299 2295 454 2360; x_wconf 82' lang='lat' dir='ltr'>despexissent</span> <span class='ocrx_word' id='word_1_240' title='bbox 474 2294 572 2342; x_wconf 75' lang='lat' dir='ltr'>oratoris</span> <span class='ocrx_word' id='word_1_241' title='bbox 587 2301 713 2356; x_wconf 73' lang='lat' dir='ltr'>praeoepte,</span> <span class='ocrx_word' id='word_1_242' title='bbox 734 2295 835 2359; x_wconf 69' lang='lat' dir='ltr'>peulum</span> 
     </span>
     <span class='ocr_line' id='line_1_35' title="bbox 153 2357 838 2422; baseline 0.004 -19"><span class='ocrx_word' id='word_1_243' title='bbox 153 2358 242 2420; x_wconf 76' lang='lat' dir='ltr'>aliquid</span> <span class='ocrx_word' id='word_1_244' title='bbox 253 2359 359 2407; x_wconf 79' lang='lat' dir='ltr'>sederunt</span> <span class='ocrx_word' id='word_1_245' title='bbox 368 2360 394 2407; x_wconf 86' lang='lat' dir='ltr'>in</span> <span class='ocrx_word' id='word_1_246' title='bbox 405 2359 488 2407; x_wconf 81' lang='lat' dir='ltr'>scholis</span> <span class='ocrx_word' id='word_1_247' title='bbox 497 2357 698 2422; x_wconf 87' lang='lat' dir='ltr'>philosophorum,</span> <span class='ocrx_word' id='word_1_248' title='bbox 710 2368 743 2407; x_wconf 87' lang='lat' dir='ltr'>ut</span> <span class='ocrx_word' id='word_1_249' title='bbox 754 2359 838 2408; x_wconf 72' lang='lat' dir='ltr'>deinde</span> 
     </span>
     <span class='ocr_line' id='line_1_36' title="bbox 151 2418 839 2484; baseline 0.016 -21"><span class='ocrx_word' id='word_1_250' title='bbox 151 2418 177 2464; x_wconf 84' lang='lat' dir='ltr'>in</span> <span class='ocrx_word' id='word_1_251' title='bbox 188 2421 281 2479; x_wconf 80' lang='lat' dir='ltr'>publico</span> <span class='ocrx_word' id='word_1_252' title='bbox 290 2423 373 2484; x_wconf 83' lang='lat' dir='ltr'>tristes,</span> <span class='ocrx_word' id='word_1_253' title='bbox 390 2423 454 2470; x_wconf 90' lang='lat' dir='ltr'>domi</span> <span class='ocrx_word' id='word_1_254' title='bbox 469 2422 583 2479; x_wconf 82' lang='lat' dir='ltr'>dissoluti,</span> <span class='ocrx_word' id='word_1_255' title='bbox 599 2430 721 2484; x_wconf 78' lang='lat' dir='ltr'>osptnrent</span> <span class='ocrx_word' id='word_1_256' title='bbox 735 2423 839 2474; x_wconf 67' lang='lat' dir='ltr'>sucini·</span> 
     </span>
     <span class='ocr_line' id='line_1_37' title="bbox 153 2485 840 2549; baseline 0.012 -21"><span class='ocrx_word' id='word_1_257' title='bbox 153 2488 225 2526; x_wconf 76' lang='lat' dir='ltr'>tatem</span> <span class='ocrx_word' id='word_1_258' title='bbox 235 2491 352 2532; x_wconf 82' lang='lat' dir='ltr'>contemtu</span> <span class='ocrx_word' id='word_1_259' title='bbox 362 2495 503 2534; x_wconf 67' lang='lat' dir='ltr'>ceteronrm.</span> <span class='ocrx_word' id='word_1_260' title='bbox 521 2485 672 2549; x_wconf 70' lang='lat' dir='ltr'>Philosophia</span> <span class='ocrx_word' id='word_1_261' title='bbox 682 2487 753 2536; x_wconf 88' lang='lat' dir='ltr'>enim</span> <span class='ocrx_word' id='word_1_262' title='bbox 765 2489 840 2537; x_wconf 85' lang='lat' dir='ltr'>simu·</span> 
     </span>
     <span class='ocr_line' id='line_1_38' title="bbox 153 2541 580 2614; baseline 0.009 -20"><span class='ocrx_word' id='word_1_263' title='bbox 153 2541 197 2588; x_wconf 74' lang='lat' dir='ltr'>hri</span> <span class='ocrx_word' id='word_1_264' title='bbox 207 2552 289 2604; x_wconf 69' lang='lat' dir='ltr'>potest,</span> <span class='ocrx_word' id='word_1_265' title='bbox 300 2547 431 2611; x_wconf 80' lang='lat' dir='ltr'>eloquentis</span> <span class='ocrx_word' id='word_1_266' title='bbox 440 2565 489 2598; x_wconf 85' lang='lat' dir='ltr'>non</span> <span class='ocrx_word' id='word_1_267' title='bbox 497 2558 580 2614; x_wconf 77' lang='lat' dir='ltr'>potest.</span> 
     </span>
    </p>
   </div>
   <div class='ocr_carea' id='block_1_3' title="bbox 0 0 922 2938">
    <p class='ocr_par' dir='ltr' id='par_1_6' title="bbox 0 0 922 2938">
     <span class='ocr_line' id='line_1_39' title="bbox 0 0 922 2938; baseline 0 0"><span class='ocrx_word' id='word_1_268' title='bbox 0 0 922 2938; x_wconf 95' lang='lat' dir='ltr'> </span> 
     </span>
    </p>
   </div>
  </div>
 </body>
</html>
