1858 2946
237 121 368 172 msam.
385 89 542 171 oannon
558 121 636 172 v111.
652 123 676 168 ⁴.
696 127 699 134 ·
765 123 797 178 n

124 252 197 309 idem,
209 260 280 316 atqua
289 251 315 298 in
323 252 403 300 andem
411 252 471 312 loeo,
484 254 513 300 Si
523 252 617 300 aaran
628 253 797 313 interranum,

125 326 149 366 et
163 319 253 365 inillis
267 319 410 365 imnaaniiur
420 319 514 380 poentio
528 319 586 377 tais,
602 319 731 378 temtaret,
746 320 799 380 qnia

126 398 175 430 aon
187 389 258 446 turpe
272 383 386 430 clareret?
405 385 431 429 in
445 389 504 430 cteta
520 397 576 429 nero
584 383 669 446 papali
685 384 797 430 Bouiani.

127 448 171 508 Et,
185 447 211 494 in
222 445 356 506 Catilinam,
373 449 444 496 Servi
457 447 591 505 (mehercle)
604 449 651 494 mei
667 449 688 494 ai
703 463 740 495 me
755 450 801 496 iata

124 521 198 577 pacto
213 519 350 566 metuerat,
370 519 398 559 at
417 520 440 560 te
456 518 564 560 manat
581 526 659 559 manee
676 515 737 560 niuea
753 515 800 573 tai,

130 581 226 626 domam
234 592 310 625 meam
316 577 494 638 relinquendam
498 583 618 639 pietatem.
632 577 738 636 Interim,
748 593 803 640 pro·

129 643 205 708 posito
217 643 282 691 velut
296 642 367 690 simili
379 642 495 704 exemplo,
509 640 655 690 efficiendum
670 650 713 702 eat,
729 651 757 690 ut
773 643 803 690 ait

129 709 207 770 majus
217 708 250 766 id,
262 707 326 772 quod
334 707 423 754 anobis
433 705 621 770 exaggerandum
632 713 680 754 aste
692 715 720 754 ut
730 706 802 765 iden,

129 789 173 839 pro
184 773 301 832 Cluentio,
315 787 371 819 eum
381 771 531 835 exposuisset,
545 770 665 819 Milesiam
676 771 803 834 quamdam

129 856 145 888 a
155 837 262 886 secundis
271 836 401 884 heredibus
411 849 454 900 pro
461 837 542 884 abortu
552 836 676 898 pecuniam
682 835 804 899 aeoepissa,

134 905 228 960 Qaanto
244 908 287 963 ert,
304 901 389 965 inquit,
409 901 555 964 Oppianicus
570 903 597 948 ln
613 899 695 966 eidem
710 900 805 964 injuria

132 971 221 1031 majore
237 968 351 1029 aapplioia
362 967 471 1028 uagam?
495 967 617 1028 Siquidem
630 967 681 1025 illa,
695 981 749 1013 eam
762 980 805 1014 aaa

134 1034 228 1095 corpori
239 1035 290 1078 uim
297 1033 423 1092 attulisset,
435 1045 459 1078 se
470 1033 521 1094 ipra
530 1032 663 1085 eructavite
675 1032 714 1077 tia
725 1039 804 1080 autem

134 1100 198 1164 idem
208 1099 269 1145 illud
279 1098 353 1159 effecit
359 1111 406 1159 per
417 1097 488 1142 aliern
499 1097 603 1160 corporis
612 1097 739 1158 armatque
749 1112 805 1145 era·
863 1108 864 1112 ’

135 1165 232 1211 atatam.
765 1183 768 1192 ·

167 1229 219 1276 Nec
226 1234 293 1291 putet
301 1225 426 1290 quisquam
433 1225 485 1285 hoa,
495 1239 639 1288 quemquam
648 1224 763 1273 estsinnle
771 1225 806 1274 illi

135 1309 165 1342 ex
175 1292 319 1356 argumentis
331 1292 390 1349 loeo,
404 1305 451 1354 quo
461 1291 549 1350 majora
562 1305 591 1337 ex
603 1289 732 1338 minoribus
742 1291 807 1339 colli-

136 1366 232 1422 guntur,
248 1357 312 1404 idem
322 1371 377 1404 assa
403 1354 456 1402 Illic
467 1353 529 1401 enim
538 1356 647 1417 probatio
657 1354 751 1418 petitur,
766 1356 806 1406 hie

137 1424 288 1484 atnpliflaatio
293 1439 303 1478 ,·
313 1421 380 1480 siaut,
387 1420 411 1468 in
419 1418 559 1483 Oppianico,
567 1433 614 1466 non
620 1419 645 1466 itl
652 1419 728 1482 egitur
734 1421 759 1468 in
765 1421 808 1470 illi

138 1487 316 1549 comparatione,
336 1484 421 1534 utillo
439 1483 602 1545 malefecerit,
623 1485 671 1543 aad,
688 1493 716 1532 ut
732 1487 806 1548 pejus.
884 1513 887 1526 .

138 1553 184 1600 Est
196 1560 273 1600 tamen
289 1565 433 1614 quamquam
449 1548 591 1596 diametrum
607 1563 684 1596 rerum
700 1549 809 1612 quadam

138 1616 229 1667 vicinia.
254 1614 449 1678 Repetamigitur
458 1613 499 1660 hic
509 1628 601 1677 quoque
611 1613 683 1672 idem,
697 1627 744 1676 quo
755 1629 809 1663 sum

137 1682 187 1730 illia
202 1697 267 1740 usus,
285 1680 429 1743 exemplum,
446 1677 487 1726 aad
502 1691 550 1724 non
566 1677 591 1724 in
608 1677 715 1725 eumdem
731 1693 810 1726 usum.

138 1747 204 1796 Nam
214 1747 258 1794 hoa
268 1745 328 1792 mihi
338 1741 505 1792 ostendendum
516 1749 558 1802 est,
569 1741 670 1805 augendi
680 1741 755 1806 gratiis
763 1757 810 1791 non

138 1817 187 1860 tota
204 1809 275 1858 modo
291 1811 354 1868 tatis,
375 1809 415 1857 sed
433 1808 504 1856 etiam
516 1814 599 1870 partes
611 1809 730 1870 partitae,
748 1823 811 1856 eom.

135 1878 225 1940 parari
231 1893 240 1933 ,·
251 1874 312 1923 siout
321 1873 433 1931 hocloco,
443 1873 485 1920 Aa
494 1887 548 1920 uero
557 1874 597 1920 air
608 1874 769 1935 mrmlnaimaa
777 1875 811 1923 P.

140 1943 230 2004 Scipio,
238 1939 348 2002 pontifis
359 1940 487 1992 maaianai,
503 1939 555 1986 Tib.
568 1939 712 1998 Gracchum,
723 1941 812 1987 aredio-
828 1939 830 1946 ’

140 2008 214 2054 ariter
223 2006 398 2068 labefactantem
406 2010 494 2051 atatam
505 2005 646 2066 reipublice,
653 2006 766 2065 privatae
774 2006 812 2050 in-

142 2070 253 2133 terfecit‚·
276 2070 415 2129 Catilinam,
436 2069 513 2115 orbern
529 2075 650 2116 terraram
667 2069 727 2115 aoede
743 2075 813 2129 atqne

141 2135 247 2182 incendia
265 2140 358 2181 naawre
374 2135 512 2196 eripientem,
533 2147 574 2180 aaa
591 2133 694 2180 conrates
706 2133 813 2196 perfere-

141 2199 217 2247 mus?
235 2199 284 2246 Hie
295 2205 319 2246 et
329 2197 430 2246 Catilina
441 2197 554 2257 Graccho,
565 2205 589 2245 et
599 2205 671 2244 statua
681 2195 813 2260 reipublice

141 2263 192 2313 orbi
204 2272 327 2322 terrarum,
343 2271 365 2310 et
377 2263 498 2310 mediocris
510 2261 655 2310 labefactatio
669 2261 726 2308 cadi
742 2269 765 2308 et
777 2260 814 2307 in-

141 2328 228 2378 cenans
239 2337 262 2376 et
269 2328 399 2386 vastationi,
406 2335 435 2374 ·et
445 2327 548 2390 privatus
556 2325 688 2374 oonsulibus
696 2340 815 2389 compara-

142 2403 196 2442 turi
211 2409 265 2458 quae
276 2391 357 2456 siquis
372 2391 468 2440 dilatare
478 2391 542 2452 velit,
555 2390 636 2454 plenas
649 2390 741 2454 singula
752 2391 815 2440 locos
832 2393 835 2402 '

177 2524 245 2584 Quas
264 2521 314 2570 dixi
332 2537 378 2585 per
397 2524 601 2570 ratiocinationem
619 2519 669 2568 fieri
689 2517 834 2582 amplificas

143 2589 226 2648 tiones,
238 2588 367 2647 videamus,
381 2603 411 2636 an
422 2586 477 2635 satis
487 2586 584 2651 proprio
590 2587 659 2634 verbo
670 2581 816 2646 signaverim.

145 2649 197 2703 Neo
209 2669 263 2702 anm
275 2653 301 2700 in
314 2653 360 2701 hoe
374 2651 493 2712 sollicitus,
507 2651 565 2698 alum
578 2665 613 2697 res
627 2648 678 2711 ipsa
688 2645 817 2694 volentibus

82 2722 85 2726 ’
142 2719 355 2795 ᾶίεόεῐειρραιεει.
374 2717 488 2767 Hoosum
497 2720 685 2772 tamenseoutus,
697 2707 760 2771 quod
770 2707 806 2752 ha
