1858 2946
201 145 204 150 ,
225 83 635 159 ,ῙΝὸΤΙΤμΟΒΑΤΟΒμνΙΙὶ
652 95 677 142 5.
763 95 796 142 85

116 223 228 290 pollicem
237 223 369 271 'dormienti
382 221 506 282 recidisset,
521 225 587 270 Eros
599 224 697 286 dig-nus,
711 231 739 272 st
751 225 794 272 lte·

117 292 182 337 beres
198 291 319 349 integram
335 303 441 336 osseum.
465 287 504 336 Sic
516 287 579 335 enim
594 288 697 350 cuditur,
711 297 739 338 st
753 292 792 337 de·

110 368 246 419 pugnares.
263 353 368 400 Vocatur
378 352 466 416 aliquid
478 361 501 400 et
511 354 632 400 clausula:
644 369 705 417 ques,
717 355 736 403 si
747 364 789 414 est,

114 419 182 484 quod
193 419 361 464 conclusorum
374 417 482 476 dicimus,
498 425 599 477 streete,
616 427 639 465 et
650 419 790 482 quibusdam

113 485 142 532 in
159 483 264 546 portibus
282 482 407 530 necessaris
424 491 474 530 ests
498 483 578 537 Quare
590 484 662 544 psius
681 485 709 531 de
721 487 791 548 sueto

114 546 331 610 vestrofeteemtsil
343 554 486 606 necessest,
501 562 573 608 quem
586 549 684 608 Ltgers't
697 552 791 612 culpem

114 615 192 661 sellem
203 613 384 674 reprehendetis.
402 611 449 660 Sed
459 626 522 659 nunc
532 611 690 672 insumunt,
702 623 729 661 ut
739 629 790 662 om.

113 679 153 727 nis
161 678 234 737 loeus,
243 676 318 724 omnis
327 691 415 737 sensus,
425 676 449 723 in
455 676 502 724 fine
510 675 621 724 sermonis
627 676 693 724 feriet
701 693 789 726 eurem.

111 744 200 805 Turpe
213 750 293 789 sutem
306 757 333 788 ec
347 757 419 804 prope
431 741 496 789 nelos
506 741 603 800 ducunt,
616 742 727 804 respirare
739 743 789 790 ullo

113 809 175 866 loco,
191 807 233 870 qui
246 806 435 854 eoclsmstionem
449 819 496 853 non
508 807 606 869 petierit.
629 806 690 855 Inde
704 807 790 856 minuti

113 872 264 935 corruptique
283 870 398 930 sensiculi,
417 879 440 919 et
456 878 522 918 extro
540 871 678 934 rem'petiti.
703 873 789 938 Neque

112 936 178 986 enim
189 942 285 1000 possunt
295 943 344 982 tem
354 936 435 983 multae
443 936 510 983 bone
521 935 639 984 sententie
647 952 702 997 esse,
715 953 787 1001 quem

112 999 334 1050 necesseestmultae
342 999 509 1051 sintclsusuiae.
526 1001 639 1049 ,lamhee
645 1003 788 1065 meglsnovs

112 1065 280 1115 antennarum
288 1079 380 1127 genere.
396 1067 437 1113 Ee
445 1067 583 1126 implento,-
595 1074 623 1114 ut
633 1065 693 1114 dixit
701 1067 787 1116 Vibius

112 1131 211 1194 Crispus
223 1130 249 1177 in
262 1144 325 1187 eum,
343 1129 393 1192 qui,
411 1145 465 1177 cum
479 1129 587 1177 loricatus
602 1129 628 1177 in
640 1131 690 1178 loro
703 1134 786 1180 ambu-

109 1197 178 1251 lsret,
193 1194 357 1258 pretendebat,
371 1193 397 1240 id
409 1209 434 1242 se
445 1193 603 1254 metuissem,
622 1195 682 1250 Quo
695 1197 739 1244 till
752 1199 786 1243 sio

110 1263 197 1308 timere
203 1259 337 1322 permiste?
354 1259 388 1306 Et
398 1259 518 1322 insigniter
526 1259 652 1308 Africanus
663 1260 726 1324 opud
734 1262 785 1310 Ne·

110 1341 201 1384 ronem,
216 1325 246 1372 de
256 1331 331 1371 morte
341 1324 429 1378 metris,
441 1325 539 1385 Rogant
549 1329 580 1383 te,
594 1327 684 1385 Cesar,
698 1327 785 1374 Gatttoe

109 1398 168 1450 tuse,
180 1397 208 1437 et
212 1390 356 1453 felicitatem
364 1395 431 1436 tuem
434 1389 537 1451 sortiter
541 1391 619 1452 fisus.
638 1391 698 1438 Sunt
707 1399 729 1438 et
737 1393 784 1439 alio

111 1458 197 1514 relata,
211 1461 238 1500 ut
253 1453 314 1500 Afer
330 1453 459 1512 Domitius,
473 1469 527 1501 cum
541 1453 691 1502 Closntiilem
705 1456 785 1506 deten-

110 1520 184 1578 deret,
202 1518 240 1570 cui
254 1519 370 1579 objectum
385 1517 479 1578 crimen,
494 1517 558 1581 quod
568 1519 653 1579 vimm,
671 1521 713 1583 qui
725 1521 785 1568 inter

109 1585 248 1633 rebellantes
258 1581 342 1642 fuerat,
353 1583 478 1646 sepelisset,
491 1582 610 1631 remiserat
620 1583 742 1643 Claudius,
759 1585 784 1632 in

110 1650 203 1714 epilogo
210 1647 269 1695 filios
280 1649 329 1708 ejus
338 1648 467 1710 alloquens,
480 1649 590 1694 Matrem
598 1655 686 1706 temen,
697 1648 783 1712 inquit,

105 1718 188 1778 pueri,
201 1714 325 1776 sepelitote.
344 1712 378 1760 Et
389 1712 482 1760 aliunde
492 1711 572 1775 petits,
584 1712 609 1759 id
620 1721 662 1772 est,
674 1713 699 1760 in
710 1713 784 1762 alium

108 1773 188 1828 lomim
201 1794 230 1826 ex
245 1777 291 1825 elio
304 1779 436 1824 transistus
453 1785 489 1836 ut,
505 1793 547 1840 pro
561 1777 663 1841 Spstsle,
676 1778 782 1842 Crispus,

110 1860 182 1910 quem
189 1842 353 1908 quihaeredem
361 1850 451 1890 amator
461 1841 599 1902 institueret,
611 1842 715 1901 decessit,
728 1859 783 1892 cum

109 1910 204 1958 heberet
216 1906 470 1970 annosduodeviginti,
490 1908 646 1956 Olsmnissem
663 1910 782 1969 divinem,
846 1917 850 1921 '

109 1976 152 2037 qul
162 1975 206 2020 sibl
217 1974 336 2020 indulsit!
675 1979 677 1984 '

142 2039 209 2087 Fecit
221 2037 334 2100 quasdem
347 2037 470 2086 sententias
482 2038 531 2086 sols
541 2041 688 2100 geminatio:
707 2038 783 2102 qualis

107 2113 143 2154 est
161 2104 252 2152 Senecas
269 2103 294 2150 in
310 2117 337 2150 eo
355 2102 448 2166 scripto,
467 2103 530 2166 quod
547 2104 611 2151 Nero
627 2103 658 2152 ed
675 2111 781 2150 senatum

106 2169 171 2218 misit
181 2167 255 2216 occisi
262 2165 344 2226 matre,
356 2183 410 2215 eum
419 2183 443 2216 se
450 2168 605 2232 periclitatum
614 2167 687 2216 videri
695 2167 780 2224 vellet;

107 2237 208 2284 Saluum
219 2247 256 2279 me
266 2247 314 2279 esse
324 2233 400 2278 eriles
410 2247 452 2280 nec
463 2235 539 2293 eredo,
551 2249 593 2280 nec
601 2233 700 2294 gaudeo.
726 2231 783 2279 Me·

103 2301 155 2358 lior,
167 2315 223 2347 cum
231 2311 260 2346 ex
272 2297 391 2344 contrariis
399 2297 468 2356 valet,
480 2299 572 2356 Habeo,
584 2311 653 2358 quem
657 2297 761 2360 fugiam
768 2313 779 2353 ,-

105 2380 172 2428 quem
186 2378 281 2425 sequar,
295 2363 435 2410 nonhabeo.
464 2362 536 2422 Quid,
553 2363 614 2424 quod
629 2363 710 2422 miser,
726 2377 781 2408 cum

104 2432 227 2492 loqueos
239 2434 325 2490 posset,
340 2434 416 2475 tacere
433 2441 479 2474 non
492 2428 610 2489 poteret?
635 2427 673 2474 Ea
686 2441 739 2474 vero
753 2425 780 2476 fit

102 2493 265 2560 pulcherrime,
279 2507 345 2540 eum
369 2491 449 2555 auqus
469 2493 642 2556 comparatione
667 2489 778 2539 clarescit

102 2558 248 2618 Tremelius,
258 2563 337 2605 conns
343 2557 462 2621 Spatalen,
470 2558 555 2606 Pleeet
563 2558 679 2618 hocergo,
688 2557 779 2615 elegus,

101 2625 291 2688 diligentissime
301 2624 403 2688 peloris
417 2622 531 2688 custodes,
546 2619 779 2697 decimessmorilus

135 2703 200 2740 vos.
210 2703 243 2738 11.
639 2697 650 2730 1
725 2729 732 2742 ,
