1868 2942
244 101 374 152 INSTIT.
392 101 547 151 ORATOR.
564 101 641 152 VIII.
657 101 681 150 3.
764 101 797 150 oe

123 231 168 280 nisi
183 231 228 280 hoc
243 231 320 295 ipsum
335 231 469 278 hemiolios
478 229 582 279 medinm
594 229 632 290 sit,
643 230 668 278 in
679 229 798 294 prulensis

123 297 230 346 videmur
239 295 339 343 incidere
347 313 355 354 3
372 295 428 359 quie
435 294 519 342 ultime
526 295 606 358 prioris
616 295 711 360 syllnbe
721 295 795 354 litere,

124 377 179 425 quse
189 360 298 424 exprimi,
314 360 358 408 nisi
368 360 438 408 labris
448 359 591 420 cosentinus,
603 367 650 408 non
660 367 743 424 potest,
755 369 797 408 eut

122 425 262 474 intersistere
272 439 315 472 nce
329 424 510 472 indecentissime
521 425 589 488 cogit,
602 433 651 484 eut,
662 424 796 474 continuato

124 505 180 539 cum
191 489 331 552 insequente,
340 490 365 536 in
376 497 484 536 naturam
495 489 545 548 ejus
553 490 714 553 corrumpitur.
731 489 796 538 Alio

125 554 295 615 conjunctIones
309 554 400 618 uliquid
416 553 491 601 simile
506 552 601 612 faciunt,
633 569 673 601 uss
688 553 795 618 persequi

124 619 223 681 longum
240 626 281 676 eet,
298 618 323 666 in
343 633 370 666 eo
387 617 451 674 vitio,
469 617 532 680 quod
549 569 671 666 vinnium
687 617 795 677 diclrnus,

124 691 298 732 commorantes.
316 683 363 731 Sed
374 683 459 729 divisio
467 697 560 745 qnoque
567 681 633 730 effert
643 682 748 730 eumdem
759 682 796 730 in·

119 747 208 810 juriem
219 747 310 810 pudori,
322 756 349 794 ut
360 747 381 794 si
397 747 579 808 intercapedinis
589 745 732 794 nominativo
741 761 796 794 cusu

122 812 176 876 quis
187 820 272 858 utatur.
290 811 341 858 Nec
352 811 436 874 scripto
445 809 515 858 modo
526 810 550 858 id
560 811 657 869 eccidit3
674 810 714 859 sed
724 810 795 859 etiem

122 891 194 924 sensu
208 875 312 938 plerique
327 877 431 924 obscoene
445 874 580 938 intelligere,
592 875 637 924 nisi
650 875 744 937 cerens,
755 890 797 923 cu·

124 941 210 1004 piunt;
227 947 254 986 ut
264 939 326 1003 apud
336 939 458 999 Ovidium,

184 1029 188 1038 ι
254 1049 357 1111 Quosque
367 1050 447 1108 locem,
458 1050 556 1096 meliora
563 1055 653 1111 potate

123 1174 151 1208 sc
162 1159 283 1219 excernit,
295 1176 348 1224 quae
357 1159 493 1222 longissime
500 1161 530 1208 eb
541 1159 687 1208 ammineo
696 1161 791 1223 meunt,

124 1223 266 1272 occasionem
284 1223 434 1287 turpitudinis
450 1239 543 1288 raperer
564 1225 584 1272 si
600 1224 695 1289 quidem
712 1225 793 1277 &isus

123 1288 265 1353 cacophaton
276 1289 339 1353 opud
349 1288 476 1352 Virgilium
486 1297 561 1353 putet,

266 1400 391 1462 Incipioot
401 1401 492 1462 agitata
503 1407 647 1452 tumesceret

125 1511 191 1576 quod
201 1512 221 1560 si
230 1512 333 1577 recipies,
345 1513 402 1562 nihil
414 1514 480 1578 loqui
492 1523 570 1564 tutum
581 1525 622 1565 est.
646 1517 795 1570 Deformitnti

123 1577 260 1641 proximum
276 1587 311 1626 est
327 1579 469 1627 hmiliia'iie
489 1583 575 1627 uitium
594 1583 736 1646 (ταπιινωσιν
752 1601 793 1633 vo·

123 1640 201 1702 cent),
211 1642 259 1705 qui
269 1643 302 1691 rei
312 1643 448 1706 magnitudo
458 1645 495 1693 vel
505 1645 605 1707 dignitas
615 1645 728 1694 minuitur
732 1666 741 1709 3
759 1653 794 1710 ut,

124 1708 203 1755 Sanco
220 1713 255 1754 est
269 1723 368 1755 verruca
383 1711 409 1755 in
425 1723 518 1756 summo
532 1712 618 1758 montio
633 1713 725 1760 vertice.
750 1713 796 1762 cni

123 1771 209 1819 moue
224 1772 373 1832 contrarium,
389 1773 430 1820 sed
445 1789 519 1821 errore
535 1789 578 1838 psr
594 1783 636 1835 ert,
651 1777 728 1840 parvis
740 1777 796 1828 dere

123 1835 257 1884 excedentis
271 1836 368 1884 modum
383 1838 487 1898 nomine,
504 1838 557 1894 nisi,
566 1855 619 1887 cum
637 1855 667 1888 ex
682 1841 796 1892 industrii

121 1899 182 1948 riius
192 1900 246 1948 iude
257 1909 368 1976 captetur.
393 1902 477 1966 Itaque
487 1917 529 1951 nec
538 1905 684 1967 parricidam,
695 1923 795 1969 nequem

124 1963 211 2011 dixeris
227 1964 355 2024 hominem,
368 1981 411 2013 nec
429 1967 534 2014 deditum
550 1969 609 2017 forte
623 1972 746 2032 meretrici,
757 1988 798 2020 nc·

117 2029 233 2092 fficium.-
250 2029 313 2093 quod
321 2031 419 2078 alterum
430 2047 522 2096 perum,
531 2033 630 2081 alterum
641 2035 741 2083 nimium
753 2045 795 2085 est.
863 2031 865 2036 ¹

123 2093 226 2141 Proinde
236 2093 343 2156 quedem
357 2097 430 2155 liedes,
444 2097 548 2154 sordido,
553 2100 646 2160 jejuno,
658 2102 745 2159 tmen,
757 2103 795 2147 in·

120 2164 205 2220 grato,
224 2159 279 2205 vilis
295 2159 368 2205 oratio
386 2167 427 2206 est.
454 2159 516 2218 Quos
532 2160 589 2210 vitis
606 2162 716 2212 facillime
733 2164 795 2213 liunt

122 2221 248 2270 manifeste
253 2223 372 2270 contrariis
379 2223 511 2271 cirmtibus.
528 2225 593 2273 Nom
602 2226 705 2289 pn'mnm
717 2237 793 2292 acuto,

123 2286 253 2334 secundum
267 2287 352 2345 nielsio,
370 2288 464 2335 tertium
482 2290 580 2350 copioso,
591 2289 698 2355 deinceps
708 2293 792 2355 hilari,

116 2353 234 2414 jucundo,
246 2358 363 2411 occuram,
371 2351 487 2400 diversum
494 2357 543 2401 est'
554 2353 657 2402 vitanda
665 2365 687 2403 et
695 2376 795 2419 μιιωσις,

124 2429 180 2463 cum
192 2415 291 2464 sennoni
299 2416 394 2480 quidem
405 2417 468 2464 deest
478 2417 575 2482 aliquid,
584 2420 647 2482 quod
658 2421 735 2470 minus
745 2424 796 2486 ple-

121 2493 169 2528 nus
179 2480 217 2540 sit,
225 2495 369 2544 quamquam
377 2480 402 2527 id
409 2483 512 2530 obscure
520 2484 597 2546 potins
605 2499 676 2547 quam
684 2485 796 2535 inornatos

103 2548 109 2562 ‘
123 2544 233 2592 cretionis
243 2544 327 2593 vitium
340 2554 382 2593 est.
406 2545 454 2594 Sed
469 2546 514 2594 hoc
529 2563 631 2610 quoque,
643 2563 697 2596 curn
710 2564 725 2595 s
739 2565 798 2612 pru·

121 2607 232 2658 dnobus
242 2609 279 2670 fit,
290 2609 384 2659 schema
399 2609 445 2659 dini
463 2611 529 2672 solet,
544 2613 605 2661 sicut
619 2619 762 2673 ταυτολογια,
774 2612 800 2659 id
