1868 2942
236 87 366 148 susm.
383 89 540 142 ORATOR.
558 91 634 144 VIII·
650 91 675 143 8·
759 91 792 142 83

119 219 219 284 ideoque
229 235 310 270 omnes
317 219 409 270 dicendi
418 228 478 270 artes
488 220 570 285 aperit,
580 235 595 268 o
704 235 793 270 aeota

120 283 190 332 tionis
201 285 312 348 exponit;
329 285 408 349 utqui
418 299 465 332 non
475 285 604 346 insidienu,
615 301 657 334 nec
717 285 791 336 sicto·

119 349 190 408 riam,
202 349 243 398 sed
259 349 289 397 ad
303 350 379 398 solum
394 349 464 398 finem
477 349 552 398 leudis
569 358 593 400 et
606 351 694 414 glorior,
705 350 791 400 tendat.

120 413 210 474 Quare,
220 414 333 480 quidquid
344 415 386 464 erit
396 415 513 463 sententiis
522 415 642 480 populare,
654 416 728 464 verbis
738 415 793 464 niti·

120 478 190 536 dum,
200 478 279 542 figuris
288 479 427 541 jucundum,
435 479 622 528 nanslationibus
633 480 792 544 magnificum,

121 543 288 605 compositione
301 545 451 604 eleboratum,
463 544 527 594 velut
540 544 630 592 irutitor
640 545 735 608 quidam
746 544 793 592 elo·

122 607 232 670 quentiae,
244 607 391 670 intuendum,
403 617 426 658 et
441 623 507 672 pene
523 608 708 673 pertractandum
720 609 792 657 dabit.

122 673 188 720 Nam
202 682 297 722 eventus
309 673 339 722 ad
353 674 440 738 ipsum,
457 688 504 721 non
522 673 552 720 ad
569 689 671 732 esuum,
687 673 792 724 refertur.

121 737 166 796 At,
179 737 220 786 ubi
230 754 266 788 res
276 739 361 802 agitur,
373 747 396 786 et
406 754 460 786 vera
473 737 591 786 dimicatio
605 746 647 797 est,
658 737 756 786 ultimus
767 737 794 786 fit

121 801 192 850 fatnae
209 802 281 852 lours.
309 804 432 862 Praeterea,
449 817 496 850 non
513 801 581 852 debet
599 803 732 867 qrrlsquam,
751 802 794 850 ubi

121 867 228 914 maxima
241 883 318 916 rerum
334 877 453 916 momenta
469 877 597 926 versantur,
611 867 641 916 de
653 867 728 916 verbis
746 882 794 916 esse

123 930 243 978 sollicitus.
260 933 344 996 Neque
354 932 398 980 hoc
408 947 435 980 eo
444 932 551 996 pertinet,
559 932 616 980 utin
626 932 664 983 bis
675 933 754 982 nullus
764 931 795 980 sit

123 1004 227 1054 ornatus,
238 995 278 1043 sed
291 996 327 1044 uti
342 996 440 1060 pressior
455 1005 478 1044 et
494 995 600 1056 severior,
612 1012 639 1044 eo
648 996 727 1044 minus
738 1011 793 1046 oon-

123 1057 207 1123 fessus,
219 1061 333 1124 precipue
343 1059 373 1108 sd
383 1060 504 1108 materiam
515 1061 708 1110 accommodatus.
726 1062 792 1110 Nam

124 1131 148 1170 et
165 1125 283 1174 suadendo
300 1125 422 1174 sublimius
439 1124 528 1188 aliquid
544 1133 645 1184 senatus,
659 1124 793 1174 concitatius

122 1187 233 1251 populus,
251 1187 312 1237 etin
327 1189 420 1251 judiciis
434 1189 534 1252 publicae
548 1189 703 1254 capimlesque
720 1204 794 1238 cause

119 1262 222 1314 possum
232 1255 360 1304 aecuratius
370 1254 461 1302 diemdi
470 1269 550 1318 genus.
567 1255 603 1302 At
612 1253 730 1318 privatum
741 1267 795 1301 con-

123 1317 211 1379 silium,
224 1335 350 1384 causasque
363 1334 489 1382 paucorum
500 1317 684 1432 menter
700 1316 794 1380 accidit)

123 1382 273 1444 calculorum,
284 1399 357 1446 purus
367 1398 450 1445 emmo,
467 1392 489 1432 et
522 1383 527 1394 '
553 1383 559 1394 '
587 1384 592 1394 '
605 1383 610 1394 '
638 1399 708 1444 curae,
719 1383 795 1446 magis

124 1445 233 1496 decuerit
244 1449 292 1496 Au
303 1463 349 1496 non
360 1447 447 1512 pudeat
457 1457 542 1496 cerum
552 1447 661 1496 melitam
672 1448 794 1512 pecuniam

123 1511 224 1572 periodis
234 1513 366 1576 postulare?
383 1521 424 1560 aut
434 1512 493 1560 circe
503 1511 619 1562 stillicidis
628 1513 705 1563 affici?
722 1513 794 1560 autin

124 1576 236 1638 mancipii
251 1577 402 1625 redhibitione
420 1576 523 1625 sudare?
546 1576 593 1626 Sed
602 1577 633 1626 ad
644 1575 795 1640 propositum.

123 1638 167 1699 Et,
177 1641 287 1704 quoniam
295 1641 403 1691 orationis
413 1650 463 1690 tam
473 1650 576 1697 ornatus,
587 1657 658 1704 quam
669 1639 796 1703 perspicui-

40 1741 46 1752 .
123 1712 168 1764 tas,
177 1715 218 1754 aut
224 1705 250 1752 in
256 1706 352 1769 singulis
356 1706 433 1782 rabis
441 1714 483 1766 est,
491 1705 565 1754 autin
575 1705 681 1770 pluribus
691 1704 794 1768 positus3

123 1769 182 1834 quid
193 1772 315 1832 conjuncta
326 1780 429 1834 engant,
441 1769 616 1819 consideremus.

157 1835 311 1899 Quamquam
326 1835 451 1884 rectissime
466 1833 576 1883 traditum
592 1832 635 1895 e'st,
645 1833 796 1900 perspicuita-

124 1906 172 1946 tem
183 1900 290 1963 propriis,
301 1908 409 1948 ornatum
420 1900 542 1959 translatis,
550 1899 625 1947 verbis
633 1899 708 1964 magis
715 1914 795 1964 egem

125 1963 226 2011 mutnus
236 1964 369 2012 inornatum
380 1980 436 2024 esse,
449 1964 511 2027 quod
522 1964 551 2014 sit
561 1963 637 2028 impro

125 2041 181 2076 cum
199 2028 261 2076 idem
279 2028 463 2092 frequentissime
481 2029 549 2091 plura
570 1981 700 2091 sigistdoent
722 2027 798 2102 (quod

127 2109 245 2149 συνωνυμια
259 2090 374 2157 uocatur),
386 2093 437 2154 jem
454 2101 509 2140 sunt
526 2091 576 2142 aliis
594 2093 640 2140 slia
656 2093 795 2150 honestiora,

124 2155 268 2217 sublimiora,
285 2155 402 2216 nitidiora,
417 2155 563 2220 jucundiora,
580 2155 699 2204 vocaliora.
722 2155 797 2212 Nam,

124 2228 152 2268 ut
162 2221 258 2284 syllabae
269 2237 281 2270 e
297 2221 367 2270 literis
377 2221 461 2270 melius
472 2221 606 2270 sonantibus
616 2221 722 2270 clariores
733 2225 796 2278 aunt,

124 2285 158 2332 ita
168 2286 238 2334 verba
249 2302 262 2333 e
272 2285 367 2350 syllabis
376 2286 452 2350 magis
461 2285 562 2334 vocalia:
575 2295 606 2345 et,
614 2301 661 2348 quo
671 2283 725 2348 plus
733 2300 798 2348 qure-

124 2361 171 2412 que
181 2349 273 2412 spiritns
283 2351 362 2410 habet,
374 2349 456 2399 auditu
466 2350 590 2415 pulchrior.
614 2349 656 2409 Et,
667 2347 731 2413 quod
739 2348 797 2398 ·t'acit

123 2414 276 2477 syllabarum,
292 2413 355 2464 idem
370 2417 492 2464 verborum
508 2430 601 2480 quoque
614 2414 675 2462 inter
688 2429 713 2462 se
727 2428 798 2476 oopu-

124 2479 189 2537 letio,
201 2488 228 2526 ut
238 2479 303 2528 aliud
313 2479 354 2528 alii
367 2481 477 2542 junctum
493 2479 577 2528 melius
587 2489 659 2528 sonet
685 2476 798 2526 Diversus
852 2519 862 2530 ,,

124 2551 248 2594 esttamen
259 2559 323 2592 usus.
347 2545 413 2594 Nam
429 2547 498 2594 rebus
514 2544 628 2595 auctibus
640 2539 797 2592 vermeriam

653 1965 722 2012 rium.
739 1961 795 2022 Sed,
899 2000 903 2008 ,
