1808 2938
213 139 346 192 INSTIT.
363 137 519 191 ORATOR·
535 139 599 192 ΧΠ.
616 143 640 190 2.
716 143 765 195 298

81 269 192 322 &erint
202 280 251 322 est:
268 285 345 320 mores
356 279 409 320 ante
418 269 498 319 omnia
507 272 590 321 oratori
600 270 682 320 studiis
691 279 761 322 erum

83 338 215 396 aeolendi,
234 344 304 400 atque
320 337 395 384 omnis
411 335 503 385 honesti
518 336 622 402 justique
638 335 760 400 disciplina

175 402 255 460 ands,
265 401 314 453 sine
324 401 372 464 qni
382 416 452 448 nemo
462 415 504 449 nee
515 401 550 448 vir
560 403 635 450 bonus
645 415 702 462 esse,
714 416 757 454 nee

81 411 176 515 iffi
185 467 281 531 peritus,
292 473 382 530 potesta
399 465 445 513 nin'
454 464 513 514 forta
523 465 658 514 secedamus
665 466 702 526 iis,
714 467 756 532 qui

81 532 168 580 natura
185 539 288 580 comme
301 545 386 591 mores,
401 539 424 578 et
440 529 500 578 nihil
515 531 619 592 adjuvari
633 531 689 579 disci
716 531 721 542 '
740 531 755 581 i

81 604 182 660 putant:
204 595 297 670 seilicet,
315 606 342 643 ut
359 595 506 670 sequidem,
525 611 579 659 quas
595 609 667 644 marru
701 605 753 659 unt,

79 661 754 788 aliubmffieffiiimiillffiiiii

78 788 146 837 Deos
156 789 299 838 immortales
313 789 407 851 propius
420 788 543 849 scoedaet,
556 789 638 836 datum
653 798 696 849 eat,
712 791 754 838 ob·

78 853 145 901 viam
155 863 178 902 et
187 854 341 912 illaboratum,
353 863 445 901 tantum
456 853 511 917 quia
521 853 570 902 nati
578 855 659 911 simus,
667 853 753 902 habea·

77 931 142 965 snus.
159 919 286 966 Abstinens
300 917 351 978 erit,
369 919 411 982 qui
427 917 452 964 id
466 917 552 992 ipsum,
567 918 625 982 quid
637 919 668 966 sit
682 918 754 984 absti-

77 982 169 1042 nentia,
180 982 311 1046 ignorarit?
328 990 351 1030 et
361 982 434 1042 fortis,
446 997 487 1046 qut
497 991 573 1030 metus
582 982 675 1042 doloris,
690 997 753 1032 rnor-

75 1046 118 1106 tis,
128 1047 302 1111 superstitionis,
309 1045 374 1094 nulli
380 1047 469 1095 ratione
474 1047 623 1110 purgaverit?
634 1057 657 1096 et
665 1048 751 1110 justus,

76 1111 122 1175 qui
131 1112 193 1175 aequi
203 1111 304 1174 bonique
313 1119 447 1171 metatum,
464 1112 506 1174 qui
518 1111 589 1174 leges,
604 1128 657 1175 ques
667 1113 751 1162 naturi

75 1184 134 1224 aunt
144 1175 252 1225 omnibus
262 1175 331 1234 data,
342 1191 374 1240 qu
411 1191 440 1223 ue
450 1175 548 1240 propria
558 1176 650 1240 populis
660 1184 683 1224 et
693 1191 751 1239 gen·

76 1241 141 1289 tibus
152 1241 289 1301 eonstitutae,
299 1255 346 1288 non
355 1193 477 1288 eriittiore
487 1240 565 1304 aliquo
576 1254 680 1289 sermone
690 1250 750 1289 trae-

76 1306 177 1354 taverit?
195 1305 232 1353 0!
249 1321 321 1404 puam
332 1304 394 1352 istud
404 1319 487 1368 parum
498 1313 590 1368 putant,
601 1305 686 1369 quibus
700 1314 750 1356 tam

75 1369 145 1418 facile
155 1369 260 1426 videtur.
279 1369 326 1418 Sed
339 1369 383 1418 hoc
399 1379 497 1429 transeo,
516 1369 545 1418 de
561 1369 608 1434 qsio
620 1370 747 1433 neminem,

94 1434 119 1481 ui
136 1434 213 1482 literas
229 1433 266 1483 vel
282 1433 365 1497 primis
378 1437 416 1488 (ut
432 1434 507 1493 aiunt)
524 1435 594 1483 labris
611 1433 746 1498 degustirit,

75 1449 240 1547 iubitsturuin
256 1507 321 1563 puto.
348 1498 387 1546 Ad
403 1498 463 1546 illud
479 1513 576 1562 sequens
592 1508 700 1560 reverta,
717 1515 748 1549 ne

73 1561 167 1611 dicendi
178 1563 272 1627 quidem
278 1563 333 1612 satis
338 1563 439 1627 peritum
447 1563 503 1624 fore,
515 1563 556 1627 qui
566 1577 614 1611 non
625 1571 648 1611 et
658 1573 747 1613 natura

75 1627 126 1676 vim
136 1641 230 1676 omnem
240 1629 332 1692 penitus
342 1628 491 1692 perqsexerit,
507 1637 530 1675 et
543 1642 618 1676 mores
628 1629 747 1692 praeceptis

74 1707 103 1740 aa
113 1693 201 1741 ratione
211 1692 323 1741 formisrit
340 1693 425 1756 Neque
432 1693 494 1742 enim
502 1692 595 1751 frustra,
607 1692 631 1738 in
643 1692 709 1740 tertio
717 1693 749 1742 de

74 1757 174 1806 Oratore
191 1758 261 1816 libro,
280 1757 310 1805 Ιι.
328 1758 424 1808 Crassus
442 1765 532 1817 cuncta,
552 1772 606 1820 quse
624 1758 744 1820 dorequo,

64 1825 144 1886 justo,
157 1838 220 1883 vero,
233 1825 297 1884 bono,
311 1821 387 1886 deque
400 1822 428 1870 iis
440 1837 493 1896 quae
507 1829 562 1869 sunt
571 1829 650 1870 oontm
704 1822 744 1883 ts,

72 1886 192 1946 dieantur,
202 1887 296 1950 propria
310 1903 358 1935 esse
372 1895 467 1934 metans
477 1885 590 1944 affirmat3
607 1901 660 1950 asp
678 1888 747 1937 'oso-

70 1951 141 2014 phos,
155 1966 209 1998 oum
220 1967 247 1999 ea
256 1951 348 1999 dicendi
358 1951 445 2000 viribus
459 1959 562 2010 tuentur,
578 1951 614 1998 uti
626 1951 744 2001 rhetorum

71 2013 152 2070 armis,
164 2029 211 2062 non
222 2015 277 2063 suis.
294 2015 362 2064 Idem
372 2024 450 2064 tamen
461 2016 590 2074 annitatur,
601 2031 628 2064 ea
636 2017 686 2077 jam
697 2033 745 2066 esse

69 2079 245 2194 mn
254 2079 635 2193 pesffissmffl
649 2080 699 2129 ¹¹³⁰
709 2081 745 2129 ³¹¹³

105 2209 170 2258 Hinc
180 2159 321 2258 etiami
335 2218 377 2269 est,
393 2208 456 2273 quoti
471 2209 551 2258 Cicero
561 2208 667 2271 pluribus
679 2208 745 2258 stris

69 2283 94 2323 et
112 2273 212 2338 epistolis
231 2282 335 2332 testatur,
355 2273 445 2322 dicendi
461 2273 594 2321 faculatem
610 2288 640 2320 ex
655 2273 745 2324 intimis

69 2338 190 2403 sapientia
203 2339 306 2387 fontibus
319 2339 406 2395 fluere3
423 2337 521 2402 ideoque
529 2337 673 2400 aliquamdiu
701 2353 744 2385 ra·

41 2408 49 2415 '
69 2413 172 2469 captores
185 2403 277 2452 eosdem
287 2403 358 2452 fuisse
368 2418 461 2451 morum
472 2413 542 2466 atque
552 2401 649 2450 dicendi.
734 2429 745 2443 ·

68 2477 164 2534 propter
173 2469 223 2518 hae
234 2467 362 2516 exhortatio
379 2483 432 2515 mse
445 2481 492 2516 non
503 2483 530 2515 eo
539 2467 646 2530 pertinet,
658 2477 686 2516 ut
695 2483 744 2517 esse

68 2543 184 2583 oratorem
194 2532 357 2610 philosophum
368 2533 448 2591 velim,
464 2531 558 2596 quando
570 2545 618 2580 non
631 2532 676 2580 alia
691 2531 745 2586 vita

68 2607 132 2648 testa
141 2599 234 2663 longius
245 2598 375 2647 servilibus
386 2595 475 2657 officiis,
490 2605 560 2710 Ἧι
572 2599 602 2644 ab
615 2595 680 2644 omni
690 2613 745 2645 mu·

69 2678 125 2714 nera
136 2663 240 2728 opatoris,
251 2663 349 2714 recessit.
365 2663 430 2712 Nam
440 2662 494 2728 quis
503 2677 520 2727 p
543 2661 693 2773 2ιιιιηέἐιιιιίιιιι
704 2669 746 2710 aut

572 2737 587 2772 c
