1868 2942
144 81 207 170 ιε’
267 107 396 169 rusori.
413 119 569 170 onnnon„
586 119 648 170 vn.
665 107 693 168 ε’

145 259 180 303 est
186 251 297 312 questio:
317 263 371 312 quo
380 261 428 295 non
439 263 528 312 semper
539 249 619 298 eudem
630 257 673 310 εει,
682 257 709 297 ει
720 250 823 314 quidum

142 321 294 380 putaverunt.
312 313 377 360 Nem
385 320 408 360 et
416 311 531 374 judicium
541 313 663 374 snteoedit,
674 315 754 378 qualis
762 327 823 364 sunt

145 387 252 444 praeturae
269 377 359 426 curiose
377 377 480 436 consilia,
500 393 554 426 cum
571 377 665 440 dejure
681 380 823 428 accusatoris

145 443 288 506 ambigim13
305 450 328 490 ει
337 441 361 488 ίε
373 441 430 505 ipsis
443 441 627 506 frequentissime
638 443 731 504 judiciis
742 460 824 492 versa-

108 521 111 530 “
145 517 191 556 tur.
214 507 258 555 Est
274 507 337 555 enim
353 507 440 570 duplex
457 509 507 568 ejus
521 507 692 570 disceptationis
706 507 820 568 conditio,

145 571 209 649 quod
225 579 266 620 εει
279 573 378 620 intentio
390 580 432 618 εει
443 573 593 634 prescriptio
603 572 673 620 habet
686 581 822 620 controver-

145 652 213 685 siam.
235 636 274 685 Ac
288 637 390 696 fuerunt,
405 637 446 699 qui
461 636 638 700 prescriptionis
653 643 740 684 ειειεει
755 637 820 686 face-

145 709 205 764 rent,
227 713 349 765 tamquam
370 715 398 747 εε
418 715 465 748 non
486 701 567 749 iisdem
590 701 708 762 omnibus,
730 703 820 766 quibus

145 777 234 815 ceterae
250 766 321 829 leges,
337 764 503 828 questionibus
522 765 681 814 contineremr.
708 766 771 814 Onm
788 783 821 816 ex

145 831 316 894 proscriptione
331 829 360 876 lis
373 828 466 892 pendet,
484 829 513 878 de
529 829 580 894 ipsis
594 847 620 878 re
630 831 704 894 quaeri
720 845 768 878 non
784 842 822 880 est

145 911 245 944 necesse·
267 893 425 957 ignominioso
438 893 499 958 patri
512 895 575 943 filius
589 895 729 957 proscribit:
747 895 777 944 de
791 912 822 945 oo

146 960 196 1008 solo
204 959 315 1020 judicatio
326 967 368 1017 est,
381 973 412 1005 on
423 959 512 1007 liceat?
534 959 632 1019 Quoties
643 967 721 1008 tumen
732 961 821 1024 poteri·

145 1038 209 1083 mus,
221 1022 366 1071 efficiudum
377 1031 420 1083 est,
433 1032 461 1072 ut
471 1022 500 1071 de
510 1040 535 1072 re
546 1039 639 1088 quoque
649 1027 708 1072 bene
718 1026 819 1074 sentiat.-

146 1088 179 1137 sic
198 1089 260 1136 enim
280 1088 329 1149 juri
350 1095 428 1135 nostro
448 1088 558 1136 libentius
576 1089 721 1152 indulgebitz
740 1100 776 1150 ut,
793 1091 821 1138 in

146 1153 307 1218 sponsionibus
324 1169 377 1218 quae
395 1168 424 1200 ex
442 1152 568 1200 interdictis
580 1153 648 1214 fiunt,
665 1153 826 1203 etiamsinon·

145 1217 290 1282 proprietatis
308 1226 341 1266 est
360 1217 465 1282 questio,
483 1217 524 1266 sed
544 1225 636 1266 tantum
653 1219 820 1282 possessionis3

146 1291 283 1331 tamennon
293 1282 369 1330 solum
379 1282 504 1345 possedisse
513 1297 564 1342 nos,
576 1282 615 1330 sed
629 1283 699 1330 etiam
713 1292 821 1332 nostrum

147 1345 283 1410 possedisse,
295 1345 375 1394 docere
385 1346 506 1409 oportebit.
534 1345 580 1395 Sed
590 1346 736 1411 irepuentius
749 1349 821 1396 etism

148 1410 260 1474 queritur
270 1409 299 1458 de
307 1411 440 1460 intentione.
463 1411 508 1460 Vir
504 1413 589 1523 (sortis
597 1415 666 1474 optet,
675 1414 736 1474 quod
745 1415 820 1462 volet.-

147 1489 207 1538 nego
224 1474 260 1522 illi
277 1474 390 1536 dandum,
405 1475 504 1540 quidqui
534 1477 661 1540 optaverit:
679 1492 726 1524 non
743 1477 820 1526 habeo

147 1539 352 1606 prescriptionem,
370 1540 409 1589 sed
424 1549 502 1588 tomen
515 1541 633 1590 voluntate
647 1549 725 1589 εοειτε
739 1545 819 1601 verba,

147 1603 323 1672 prescriptionis
333 1605 411 1667 modo,
423 1613 483 1654 utor.
501 1607 531 1654 In
539 1614 637 1669 utroque
648 1613 727 1654 autem
736 1621 821 1670 genere

127 1705 132 1718 .
148 1679 221 1720 ειειεε
237 1670 300 1719 idem
315 1671 349 1719 fit.
379 1671 451 1720 Porro
467 1673 505 1718 len
521 1671 597 1718 omnis
609 1677 651 1717 εει
666 1673 760 1733 tribon,
779 1679 822 1719 sut

148 1739 243 1797 adimit,
262 1744 302 1784 εει
315 1738 397 1798 ponit,
416 1743 457 1784 εει
467 1737 544 1799 jubet,
562 1743 602 1783 aut
620 1741 691 1795 vetut,
710 1744 751 1784 εει
762 1752 821 1798 pcr-

147 1803 231 1851 mittit.
249 1801 328 1848 Litem
338 1801 408 1847 habet
416 1808 458 1846 εει
463 1807 563 1863 propter
571 1816 594 1847 se
601 1799 686 1864 ipsum,
695 1810 736 1848 εει
743 1817 821 1865 prop·

147 1874 184 1915 ter
203 1867 309 1912 alteram.
337 1864 442 1923 Quaestio
460 1873 495 1912 est
514 1873 555 1912 εει
573 1867 599 1911 io
618 1866 714 1927 scripto,
735 1874 777 1913 εει
795 1867 821 1914 iu

149 1933 273 1979 volontate.
300 1929 330 1976 In
342 1929 433 1990 scripto,
447 1927 611 1990 nut'opertom
626 1937 669 1989 est,
685 1939 726 1978 aut
740 1931 822 1978 obscu-

148 2011 213 2052 rum,
227 2005 268 2043 εει
280 1995 425 2055 ambiguum.
450 1993 522 2054 Quod
535 1993 564 2042 de
575 1993 666 2057 legibus
681 1994 741 2054 dico,
757 1995 822 2043 idern

147 2059 221 2125 sccipi
238 2059 291 2108 volo
308 2059 337 2106 de
354 2059 504 2119 testamentis,
524 2059 605 2122 pactis,
623 2058 653 2106 sti
668 2059 821 2120 mationibus,

148 2125 214 2177 omni
226 2123 326 2189 denique
338 2123 436 2186 scripto:
454 2123 516 2172 idem
527 2123 556 2170 de
566 2138 629 2172 voce.
652 2075 694 2183 iit,
725 2124 822 2172 uoniam

148 2199 248 2256 quatuor
258 2189 329 2252 hujus
340 2187 429 2252 generis
437 2189 575 2252 questiones
585 2188 622 2238 vel
632 2141 821 2250 statusiscimus,

149 2255 253 2320 singulos
261 2269 401 2319 percurram.

394 2381 511 2431 CAPUT
526 2381 574 2430 VI.

182 2511 273 2574 Scripsi
292 2517 315 2560 et
333 2513 462 2560 voluntatis
483 2509 669 2574 frequentissima
687 2509 747 2557 inter
763 2523 819 2557 con-

148 2577 221 2628 sultos
232 2577 332 2641 questio
341 2586 389 2635 est;
402 2583 425 2624 et
435 2591 488 2641 pars
496 2589 582 2636 magna
593 2571 750 2622 controversie
758 2573 819 2634 juris

147 2641 202 2692 hinc
212 2641 311 2707 pendet:
329 2659 376 2707 quo
392 2642 470 2690 minus
485 2637 510 2688 id
520 2637 545 2685 in
557 2637 639 2688 scholis
655 2635 756 2685 accidere
771 2637 827 2684 mi-·'
