1856 2948
93 83 95 87 ⁸
157 93 204 150 tto
291 91 419 142 INSTIT·
435 91 590 142 ORATOR.
606 91 655 140 IX.
672 92 696 140 4.

154 219 357 270 ῆιιὶιιωιιτίιιιιιιί.
372 218 435 268 Cum
443 219 830 285 sitpecsequoqueeiconusriuse

154 284 271 347 principiis
279 285 361 332 merito
371 284 492 332 laudetur:
504 301 559 334 nem
570 295 593 333 et
603 285 704 348 ptimem
712 287 832 347 stabilem,

154 361 178 396 et
190 357 236 396 tres
248 349 339 409 celeres,
352 348 428 398 hebet.
455 350 546 397 Temen
558 349 603 398 hoo
615 365 709 414 quoque
724 351 832 402 meliores

156 413 214 460 alios
240 421 288 460 uto.

187 429 263 525 'Polus
273 492 326 526 vero
336 477 374 525 hio
383 478 447 526 locus
457 492 504 526 non
514 477 567 526 ideo
577 485 686 526 teuotettu
694 495 709 526 e
716 480 795 539 uobis,
807 490 833 530 ut

154 540 235 600 oratio,
245 557 297 605 quae
307 541 361 588 ferri
371 541 439 589 debet
449 542 564 602 colluere,
576 541 721 592 dimetiendis
733 545 832 607 pedibus

155 621 183 654 eo
195 605 362 670 perpendendis
376 606 471 670 syllabis
483 615 634 656 consenescat.
658 608 724 655 Nem
741 609 768 656 id
782 619 832 658 tum

155 670 241 730 miseri,
256 683 307 718 tum
321 670 346 716 in
358 670 461 718 minimis
473 671 578 733 occupati
591 681 631 719 eet
657 672 745 735 Neque
761 674 831 733 entim,

156 735 198 798 qui
215 751 239 782 se
255 743 330 782 totum
347 735 373 781 in
389 735 433 782 huo
450 734 506 782 ouri
522 736 681 796 consumserit,
703 738 832 800 potiosibus

156 799 261 854 veoebit;
279 799 401 861 siquidem,
418 799 497 846 relicto
510 813 587 846 rerum
598 800 707 862 pondere,
719 817 748 849 ee
759 802 833 852 nitore

157 871 281 920 contemto,
293 865 415 909 tesserulae
427 865 465 926 (ut
475 863 507 910 eit
518 863 635 924 Lucilius)
650 873 729 924 suuet,
745 875 770 913 et
781 881 833 913 ver·

157 929 268 974 miculote
289 925 349 973 inter
370 943 394 974 se
413 929 483 974 lexeis
505 927 640 976 committet.
667 929 757 978 Nonne
780 945 832 992 ergo

156 989 300 1052 teirigeretur
311 989 342 1038 sio
352 991 421 1052 eulor,
433 999 456 1038 et
467 991 569 1056 impetus
578 1000 665 1054 pereat,
677 1003 706 1040 ut
717 1009 831 1058 equorum

155 1069 250 1102 sumum
263 1053 305 1116 qui
318 1054 405 1115 dirigit,
422 1055 523 1115 minuit;
543 1063 574 1112 et,
591 1071 672 1118 pessus
686 1058 728 1120 qui
744 1067 831 1122 aequst,

156 1133 250 1166 cursum
260 1117 365 1179 frangit?
382 1119 448 1182 quusi
461 1119 552 1168 numeri
564 1135 611 1167 non
627 1120 714 1168 fuerint
727 1122 755 1168 in
770 1138 832 1170 eom·

157 1182 269 1245 positione
279 1182 428 1245 deprehensi;
446 1183 506 1232 sicut
516 1184 600 1247 poema
611 1199 679 1234 nemo
690 1185 832 1235 dubitaverit

157 1246 264 1309 imperito
274 1247 375 1308 quodem
387 1247 453 1294 initio
465 1247 552 1306 fusum,
568 1257 591 1296 et
605 1249 696 1296 aurium
711 1250 830 1312 mensuri,

156 1319 182 1358 et
192 1309 295 1357 similiter
303 1310 472 1360 decurrentium
482 1314 609 1375 spetiosum
616 1315 832 1364 observationem
908 1341 909 1344 ¹

156 1381 300 1436 generatum,
312 1389 368 1422 mox
378 1377 403 1423 in
414 1392 440 1424 eo
450 1386 550 1440 repertos
560 1377 637 1440 pedes.
654 1378 715 1426 Setis
724 1379 799 1442 igiuu
806 1381 831 1428 in

157 1437 203 1486 hoe
212 1452 253 1486 nos
267 1440 384 1501 componit
394 1443 469 1488 multe
484 1442 596 1490 scribendi
609 1442 748 1500 exectum,
764 1453 793 1492 ut
802 1459 831 1492 ex
908 1469 909 1482 ι

157 1511 259 1565 tempore
273 1503 343 1550 etiem
358 1505 441 1552 similia
453 1505 586 1554 fundemus.
613 1507 697 1570 Neque
710 1523 766 1556 vero
781 1517 829 1556 tum

157 1567 203 1616 sint
219 1567 323 1616 intuendi
338 1569 415 1632 pedes,
429 1585 500 1633 quem
516 1571 622 1620 universe
637 1571 827 1634 comprehensim

80 1675 82 1685 ,
157 1641 184 1680 ut
195 1647 287 1680 versum
297 1632 404 1682 facientes
416 1641 491 1682 totum
504 1635 572 1682 illum
587 1635 718 1695 decursum,
729 1650 780 1684 non
791 1649 830 1684 sex

157 1697 194 1744 vel
205 1696 307 1760 quiuque
318 1706 403 1760 portes,
419 1699 544 1762 exquibus
555 1707 643 1748 constet
653 1715 740 1758 versus,
752 1701 831 1764 sdspi·

157 1760 229 1808 ciunt.
246 1761 310 1808 Ante
319 1763 380 1810 enim
389 1778 481 1812 carmen
488 1771 565 1812 ortum
572 1773 614 1826 est,
622 1779 693 1828 quem
700 1765 831 1818 obterendo

156 1823 270 1872 wminu.
288 1825 394 1889 Indeque
404 1827 471 1889 illud,

280 1953 355 1971 .....
366 1925 449 1972 Fauni
460 1931 568 1988 vatesque
578 1926 696 1974 canebant

155 2021 228 2087 Ergo,
246 2038 317 2088 quem
333 2021 359 2069 in
375 2023 482 2086 poimute
497 2022 575 2070 locum
592 2022 662 2072 hebet
676 2024 827 2087 verst'fleats'o,
909 2041 910 2046 ¹

155 2089 247 2136 eumin
261 2087 362 2136 cretione
377 2088 518 2148 compositio.
542 2087 640 2149 Optime
652 2095 731 2136 cunm
745 2089 776 2136 de
789 2087 830 2136 int

153 2151 258 2214 judicent
268 2167 342 2211 eures,
353 2167 406 2216 que
416 2161 440 2198 et
451 2152 520 2213 plena
530 2152 641 2211 sentiunt,
655 2161 679 2199 et
690 2167 776 2215 perum
787 2169 829 2202 ex·

154 2218 218 2280 pletc
229 2218 365 2276 desiderent,
381 2224 404 2263 et
417 2215 513 2278 fragosis
528 2215 685 2275 offenduntur,
702 2225 725 2264 et
735 2216 828 2266 lenibus

154 2283 294 2341 mulcentur,
312 2291 335 2330 et
352 2280 459 2330 contortis
476 2280 612 2340 excitentur,
630 2289 653 2328 et
665 2281 757 2330 stsbilis
773 2295 828 2344 pro·

155 2347 220 2400 bont,
243 2345 325 2392 claude
342 2344 523 2407 deprehendunt,
543 2345 695 2393 redundantis
711 2354 735 2393 et
753 2345 828 2394 nimis

155 2405 281 2455 fastidiunt.
306 2407 408 2470 Ideoque
420 2408 481 2455 docti
497 2407 609 2456 rationem
623 2409 778 2472 componendi
792 2410 829 2457 in.
909 2465 910 2468 Ἴ

128 2513 136 2520 .
155 2469 270 2531 telligum,
285 2471 354 2518 etium
368 2470 454 2518 indocti
469 2471 618 2534 voluptatem.
642 2473 758 2532 Quedun
774 2487 829 2522 vero

154 2539 203 2580 arte
214 2533 273 2580 nodi
280 2547 326 2582 non
334 2541 436 2596 possunt.
454 2535 584 2583 Mutandae
592 2545 708 2596 esteeeus,
718 2537 830 2586 siderius

154 2593 184 2652 is,
195 2609 242 2658 quo
252 2611 399 2660 cuperemus,
410 2597 503 2648 tuetur.
521 2599 597 2663 Num,
609 2600 634 2650 in
644 2615 716 2665 quem
724 2609 831 2654 tratum
