1856 2948
249 108 378 159 INSTIT.
394 107 550 160 ORATOR.
566 109 600 159 X·
621 109 643 158 1.
737 108 784 157 183

108 239 211 289 enrditas
218 237 784 306 potestesseperiectiumpudoooupatumvariis

108 305 286 368 cogitationibus
302 305 412 366 judicem,
426 313 450 353 et
463 307 547 370 soepius
563 305 714 364 ineruditum,
729 319 785 366 osp-

1 415 3 422 ,
97 369 182 418 'tanda
202 369 269 418 nobis
286 377 335 426 est;
358 384 433 434 neque
451 369 493 418 illa
510 371 579 418 Ltvrt
598 373 670 418 mdes
691 370 786 416 abertas

110 435 167 481 satis
178 434 268 482 docebit
278 449 341 492 eum,
353 435 394 498 qui
410 449 455 482 non
466 435 565 498 speeiem
577 433 733 498 expositionis,
745 432 785 480 sed

108 497 182 546 fidem
193 498 281 562 quaerit
298 499 376 559 Adde,
388 499 451 563 quod
462 499 499 546 M.
512 499 607 548 Tullius
622 515 651 547 ne
663 497 785 562 Thucydi·

108 563 165 610 dem
177 563 270 626 qridem
284 572 324 610 aut
334 564 515 626 Xenophontem
528 564 597 612 utiles
609 563 693 612 oratori
706 569 783 626 putat,

109 642 255 691 quamquam
266 627 334 676 illum
345 624 452 676 beuiom
462 643 552 688 canere,
563 629 635 690 hujus
645 641 685 674 ore
697 629 785 674 Meros

110 707 160 740 esse
177 694 273 752 beuter,
292 693 415 749 existimet,
439 693 505 742 Licet
522 703 600 741 tamen
617 693 692 752 nobis,
709 691 734 738 in
749 690 786 737 di-

109 757 273 820 gressionibus,
290 757 326 804 uti
341 757 378 805 vel
393 757 500 806 historico
516 772 684 822 nonnunquam
700 757 783 815 nitore,

110 821 170 868 dum
187 821 211 868 in
228 821 265 880 iis,
284 821 313 868 de
330 821 415 884 quibus
430 823 473 870 erit
490 822 594 886 quaestio,
611 819 786 870 meminerimus

111 901 160 933 non
171 885 310 932 athletarum
321 893 388 940 toros,
401 885 441 933 sed
451 886 553 934 militum
563 887 658 934 lacertos
666 901 730 942 esset
742 897 786 932 nec

111 949 271 998 versicolorem
281 948 354 1009 illam,
364 950 412 1013 qui
420 951 552 998 Demetrius
559 951 683 998 Phalereus
693 950 785 997 diceba·

83 1053 87 1060 .
113 1025 153 1062 tur
168 1013 211 1073 uti,
229 1021 315 1060 vestem
327 1015 385 1060 bene
397 1014 427 1060 ad
439 1013 553 1062 foramem
569 1015 688 1078 pulverem
704 1015 785 1062 faeere.

113 1079 161 1127 Est
171 1086 194 1126 et
204 1077 263 1125 alius
273 1093 302 1124 ex
313 1077 412 1125 historiis
422 1094 486 1136 usus,
500 1078 552 1126 etis
563 1079 657 1142 quidem
667 1079 786 1126 maxirnus

114 1143 168 1198 (sed
179 1157 226 1190 non
239 1141 270 1189 ad
279 1151 414 1206 praesentem
428 1142 544 1206 pertinens
556 1143 652 1203 locum),
666 1158 695 1189 ex
707 1142 786 1205 cogni-

113 1209 177 1256 tione
195 1221 272 1256 rerum
288 1207 502 1270 exemplorumque,
519 1207 605 1270 quibus
618 1207 733 1270 imprimis
749 1207 786 1253 in·

113 1281 214 1322 structus
230 1287 277 1319 esse
293 1271 360 1320 debet
372 1279 456 1330 orator,
473 1287 503 1319 ne
514 1271 593 1319 omnia
605 1271 735 1320 testimonia
745 1285 786 1318 ex-

114 1345 179 1400 petat
195 1336 353 1399 olitigatore3
376 1335 416 1382 sed
433 1337 542 1400 pleraque
558 1352 587 1384 ex
604 1344 717 1385 vetustate
733 1334 787 1383 dili-

113 1410 195 1466 genter
210 1401 254 1448 sibi
270 1400 361 1463 cognita
376 1409 459 1455 sumat,
475 1401 520 1449 hoc
532 1401 666 1464 potentiora,
682 1400 746 1466 quod
759 1415 787 1448 ea

114 1466 166 1514 sola
176 1464 309 1514 omninibus
320 1465 367 1512 odii
377 1473 400 1512 et
409 1465 487 1528 gratiae
497 1474 586 1513 vacant.

149 1530 175 1577 A
193 1529 380 1592 pbilosophorum
400 1545 453 1578 vero
471 1531 568 1579 lectione
588 1538 614 1578 ut
632 1538 705 1578 essent
721 1529 788 1577 nobis

114 1593 192 1644 multa
203 1593 311 1656 petenda,
324 1593 379 1641 vitio
393 1594 480 1642 facturn
493 1604 527 1642 est
541 1603 666 1654 oratorum,
680 1593 722 1658 qui
735 1593 788 1657 qui-

115 1660 171 1708 dem
182 1658 228 1706 illis
239 1658 327 1720 optimi
339 1659 376 1705 sui
386 1659 460 1722 operis
471 1667 535 1722 parte
545 1667 667 1707 cesserunt.
691 1659 755 1706 Nam
766 1665 789 1704 et

114 1725 144 1772 de
159 1723 236 1785 justis,
253 1723 363 1784 honestis,
381 1723 486 1781 utilibus,
501 1739 599 1786 quaeque
614 1731 668 1770 sunt
683 1722 720 1770 his
733 1737 788 1769 con·

114 1789 193 1850 traria,
205 1797 228 1836 et
240 1787 269 1835 de
284 1789 353 1836 rebus
363 1787 456 1848 divinis,
468 1789 571 1836 maxime
584 1787 672 1845 dicunt,
684 1796 707 1835 et
719 1803 790 1850 argu-

115 1861 250 1902 mentantur
263 1852 358 1900 acriter:
375 1861 398 1900 et
412 1852 596 1902 altercationibus
609 1861 678 1916 atque
692 1853 789 1900 interro-

115 1917 247 1982 gationibus
261 1925 374 1964 oratorem
388 1916 494 1964 futurum
507 1917 594 1981 optime
607 1917 716 1966 Socratici
729 1933 789 1982 proe-

116 1990 209 2046 parant.
227 1981 273 2029 Sed
286 1981 323 2028 his
335 1997 428 2045 quoque
443 1981 599 2030 ndlribendum
614 1991 648 2029 est
662 1982 736 2030 simile
750 1983 790 2043 ju·

117 2046 215 2104 dicium,
233 2055 267 2106 ut,
284 2046 354 2094 etiam
370 2061 424 2094 cunr
440 2047 464 2092 in
480 2049 548 2094 rebus
564 2061 681 2094 versemur
696 2045 788 2104 iisdem,

117 2125 167 2158 non
178 2118 254 2158 tamen
266 2111 370 2158 eamdem
382 2127 430 2158 esse
440 2111 594 2158 conditionem
602 2110 701 2158 sciamus
712 2109 791 2156 litium

117 2191 147 2224 ac
158 2174 348 2238 disputationum,
361 2175 404 2223 fori
419 2183 442 2222 et
454 2175 569 2233 auditorii,
586 2182 752 2237 preceptorum
767 2181 790 2220 et

116 2239 280 2306 periculorum.
304 2239 379 2287 Credo
393 2247 512 2286 exacturos
526 2239 656 2302 plerosque,
673 2253 726 2284 eum
740 2245 792 2284 tan-

117 2316 170 2354 tum
182 2319 230 2352 erse
240 2304 346 2350 utilitatis
358 2304 383 2350 in
395 2303 492 2366 legendo
506 2302 645 2363 judicemus,
662 2309 689 2348 ut
699 2299 724 2347 id
735 2316 792 2364 quo·

117 2385 166 2436 que
183 2368 338 2431 adjungemus
357 2367 428 2430 operi,
447 2371 488 2428 qut
505 2368 553 2414 sint
575 2367 675 2428 legendi,
693 2381 746 2429 quar
767 2367 792 2414 in

117 2448 213 2500 quoque
229 2441 320 2480 auctore
333 2432 449 2495 praecipua
462 2431 542 2479 virtus.
568 2431 614 2479 Sed
626 2431 733 2493 persequi
746 2431 793 2478 sin·

117 2498 196 2563 gulos,
213 2497 298 2544 infiniti
313 2495 384 2543 fuerit
400 2496 480 2558 operis.
505 2495 600 2558 Quippe
612 2511 666 2542 cum
678 2495 704 2541 in
717 2495 793 2544 Bruto

118 2564 160 2613 M.
174 2561 269 2609 Tullius
284 2569 318 2609 tot
330 2559 435 2608 millibus
447 2573 558 2608 versuum
572 2559 601 2606 de
614 2559 727 2606 Romanis
741 2567 794 2605 tan-

118 2637 173 2677 tum
184 2625 312 2676 oratoribus
322 2625 438 2690 loquatiu,
450 2633 473 2673 et
483 2632 562 2674 tamen
569 2623 599 2674 de
606 2623 715 2672 omnibus
722 2621 796 2671 atatis
