1856 2948
250 113 380 166 menri.
397 115 553 166 onerolt
569 117 604 168 X.
619 119 643 166 2.
733 117 782 168 203

110 249 204 310 quatur.
237 245 306 294 Nihil
319 253 354 296 est
367 246 430 295 enim
446 256 497 296 tem
511 246 628 306 indesens,
639 259 710 312 quem
727 261 783 296 mm

15 369 16 372 Ἴ
108 309 336 358 molliedureiiunt
371 311 782 377 Atqueegoillipraeosptori‚quem

15 383 16 386 ’
107 375 254 423 instituerem
265 375 289 422 in
300 375 359 423 libro
370 376 478 436 exurrdo,
491 376 576 424 tredidi
586 392 632 425 non
643 393 670 426 ea
681 376 730 424 sols
739 375 781 424 do-

15 447 16 450 ’
108 437 184 488 oende
200 453 256 499 esse,
274 439 305 487 ed
319 455 372 503 quse
387 455 503 504 quemque
517 441 681 506 discipulorum
698 440 782 489 nemsi

109 503 265 564 compositum
282 503 375 552 videret.
410 506 474 554 Nem
496 506 516 553 is
537 514 560 553 et
578 507 687 569 adjuvere
702 506 778 565 debet,

14 621 16 628 y
110 583 166 680 323
179 567 203 614 in
219 583 312 633 quoque
323 583 402 618 eorum
412 569 525 618 invenerit
538 572 607 630 bone,
619 579 650 630 et,
665 579 779 634 quantum

176 641 258 694 potest,
270 633 375 695 adjicere,
387 649 439 698 que
449 633 541 693 desunt,
553 645 576 683 et
586 635 706 684 emendare
716 651 780 699 que-

14 707 15 712 ’
110 697 166 744 dem
181 705 204 744 et
219 706 316 746 mutere.
348 699 506 746 Rectorenim
523 707 558 747 est
570 700 697 748 alienorum
713 700 778 762 inge-

108 761 202 810 niorum
213 771 283 826 etque
290 762 413 811 formatore
432 763 546 812 difficilius
554 773 587 814 est
597 773 703 812 naturum
714 779 780 812 suem

109 826 203 890 fingere.
227 826 273 876 Sed
284 842 313 875 ne
323 827 363 874 iile
373 827 467 891 quidem
478 827 564 889 doctor,
576 843 718 893 quemquem
730 843 781 876 om·

108 890 158 951 nis,
172 907 226 954 quse
239 900 301 940 reete
317 900 379 952 nunt,
397 891 452 940 velit
469 908 517 940 esee
529 892 553 940 in
571 894 619 942 suis
636 893 779 942 auditoribus

109 971 181 1018 quum
196 955 337 1018 plenissime,
348 956 373 1004 in
384 971 411 1004 eo
421 965 506 1012 umen,
522 957 560 1006 eui
572 966 678 1008 nsurrem
689 960 780 1008 obsture

108 1019 201 1078 viderit,
212 1020 331 1070 laborabit
769 1057 772 1064 .

143 1084 173 1132 Id
190 1100 282 1160 qnoque
291 1085 421 1146 nitendum,
435 1086 471 1149 (in
485 1101 532 1150 quo
542 1101 628 1152 magns
643 1103 696 1164 pers
706 1086 777 1150 erret)

108 1163 141 1197 ne
152 1149 178 1196 in
192 1158 294 1199 oratione
303 1151 384 1214 poitur
393 1151 460 1199 nobis
473 1160 497 1198 et
506 1151 632 1212 historicos,
643 1167 668 1200 m
683 1153 778 1200 illorum

107 1214 216 1277 operibus
229 1222 328 1263 oratores
338 1224 380 1264 sut
389 1215 559 1276 declamatores,
572 1216 696 1264 imitandos
711 1226 778 1280 pute·

107 1293 170 1327 mus.
203 1279 252 1328 Sue
262 1279 299 1328 oui
316 1295 345 1328 ue
357 1280 473 1344 proposita
487 1279 535 1342 lex,
552 1297 608 1330 suus
618 1282 701 1345 cuique
711 1281 778 1330 decor

108 1351 150 1392 est·
169 1344 219 1392 Nee
227 1296 338 1392 comedin
347 1344 372 1392 iu
380 1345 503 1392 oodrurnoe
513 1346 619 1408 assurgit,
630 1361 680 1406 neo,
690 1354 777 1406 eontra,

106 1408 218 1471 tregoedie
228 1423 292 1457 soooo
302 1408 437 1472 ingreditur.
470 1409 549 1458 Habet
559 1419 637 1459 temen
647 1411 722 1459 omnis
732 1411 779 1459 elo-

108 1471 205 1536 quentia
215 1473 303 1536 eliquid
313 1488 443 1523 oommune.
468 1474 498 1522 Id
508 1473 633 1534 imitemur,
642 1476 705 1540 quod
716 1491 778 1524 oom-

109 1551 183 1585 mune
193 1545 234 1586 eet.
264 1537 344 1586 Etiam
360 1539 404 1588 hoo
414 1539 472 1586 solet
485 1538 625 1586 incommodi
639 1540 739 1588 oecidere
748 1540 777 1588 iis

109 1600 153 1665 qui
168 1617 191 1648 ee
204 1601 246 1649 uni
260 1602 329 1651 elicui
343 1603 421 1666 generi
431 1601 575 1662 dediderunt,
586 1612 621 1662 ut,
633 1605 653 1652 oi
666 1605 776 1666 asperitas

107 1666 146 1715 his
158 1666 246 1729 placuit
256 1667 361 1728 alicujus,
374 1667 443 1728 hene,
455 1667 525 1716 etiem
542 1668 567 1714 in
579 1667 627 1716 leni
640 1684 666 1717 eo
682 1668 777 1716 remisso

107 1745 229 1780 consenum
241 1745 332 1795 genere,
341 1747 388 1780 non
399 1739 501 1789 exuant;
518 1732 647 1781 sitenuitss
657 1742 698 1781 eut
708 1732 777 1780 nudi·

105 1805 151 1855 tus,
162 1795 187 1843 in
198 1796 283 1860 esperis
293 1797 447 1860 gravibusque
457 1796 530 1845 musis
539 1797 635 1860 ponderi
648 1812 726 1846 rerum
736 1813 778 1861 pe·

106 1877 161 1974 pun
169 1861 321 1973 rteeppondeent
327 1876 405 1974 3ffiopm
412 1861 536 1986 sppl'diyerss
540 1877 717 1990 gddsoeffim
725 1877 776 1938 ¹¹¹.⁰'

124 1941 174 1973 orn
218 1942 226 1974 ι
289 1941 332 1974 oon
375 1941 390 1974 o
410 1941 421 1974 s
470 1942 495 1974 ιιι
503 1942 538 1974 sm
692 1943 718 1976 oe

105 1990 210 2054 paruum
217 1941 335 2066 diisque
345 1959 489 2050 orirentur,
502 1991 548 2040 uu
561 2007 648 2056 aspere,
663 1992 709 2040 ιιι.
718 1941 777 2040 dil

107 2056 185 2112 utute,
196 2055 242 2102 elie
248 2069 350 2114 smisso,
358 2055 405 2102 elie
410 2055 514 2116 docendi,
522 2055 681 2106 elismovendi
691 2055 774 2120 gredi,

106 2118 218 2168 dicendus
236 2134 336 2195 quornm
350 2119 455 2168 omnium
473 2119 589 2168 dissimilis
606 2131 675 2186 etque
687 2121 777 2168 diverse

105 2185 168 2232 inter
178 2199 201 2232 ee
211 2192 269 2231 reno
280 2192 320 2232 eet.
353 2184 437 2248 Ituqne
446 2199 476 2233 ne
489 2185 533 2232 hoo
547 2186 641 2248 quidem
656 2184 776 2242 suaserim,

104 2248 188 2362 plrpieg
197 2247 266 2297 elicui
275 2249 372 2313 proprie,
386 2264 457 2312 quem
467 2265 508 2313 per
518 2250 597 2298 omnio
607 2258 723 2314 sequetur,
734 2247 776 2296 ed·

145 2377 227 2441 Iaonge
243 2377 422 2440 perfectissimus
441 2378 574 2428 Greoorum
593 2379 774 2426 Demosthenes:

102 2441 193 2507 aliquid
203 2451 283 2491 temen
299 2442 378 2520 aliquo
391 2443 417 2490 in
432 2443 483 2492 loco
493 2442 576 2491 melius
590 2442 637 2490 ulii.
671 2443 778 2492 Plurima

104 2509 160 2558 illes
178 2507 218 2556 sed
233 2521 289 2568 non,
299 2523 348 2572 ·qu1
362 2507 465 2558 maxime
479 2507 613 2567 inuundus
627 2507 696 2556 etiem
712 2508 775 2556 solus

103 2571 232 2622 imiundus
242 2579 283 2621 est.
317 2571 383 2632 Quid
394 2575 467 2637 ergo?
483 2587 530 2621 non
541 2581 576 2620 est
586 2571 641 2620 setis
650 2572 729 2620 omnis
742 2571 775 2619 sic

102 2638 185 2696 disere,
196 2636 314 2700 quomodo
324 2639 428 2686 Marone
441 2639 535 2689 Tullius
545 2636 623 2685 dixit?
651 2635 714 2685 Mihi
724 2634 775 2698 qui·
