1856 2948
283 109 412 162 INSTl'I'.
428 107 583 162 ORATOR.
600 109 635 160 X.
654 111 677 160 1.
771 114 818 166 los

129 240 231 289 Interim
247 241 393 299 summatim,
404 240 461 306 quid
472 255 487 288 s
497 238 551 305 quil·
560 240 657 290 lectione
670 249 748 306 petere
757 259 812 308 po..

128 307 186 365 sint,
201 305 243 369 qui
258 306 394 354 confirmare
409 307 543 354 iaotdtatem
560 305 651 354 dicendi
666 307 756 368 volunt,
773 317 810 357 at·

127 370 228 432 tingsm.
253 370 343 418 Paucos
358 370 429 427 euim,
441 370 483 433 qui
499 377 554 418 sunt
569 370 753 431 eminentissimi,
765 389 807 427 ex-

129 449 223 497 cerpere
233 434 258 482 iu
269 434 347 482 animo
357 442 405 482 ests
422 435 490 482 isoile
500 445 534 482 est
548 443 626 482 autem
638 435 754 496 studiosis,
766 438 808 502 qui
867 491 869 500 ,

129 499 180 547 sint
192 498 228 546 his
241 499 361 558 simillimi,
375 499 492 560 judicare3
511 513 541 546 ne
551 497 675 563 quisquam
686 511 805 565 queratur,

129 563 227 611 omissos
237 563 295 611 forte
305 563 394 627 sliquos
405 579 493 622 eorum,
505 578 564 631 quos
574 563 624 626 ipse
634 564 701 613 valde
713 568 804 640 probet.

129 627 214 675 Fateor
230 628 292 675 enim
308 629 386 691 plures
401 628 510 690 legendos
526 643 666 703 assequens
681 645 723 692 qm
738 647 753 678 a
766 647 806 680 me

128 691 319 740 nominabuntur.
347 692 394 741 Sed
414 707 478 740 nunc
498 707 583 754 genere
598 708 649 755 ipss
668 692 804 758 lectionum,

145 771 182 804 uae
197 757 313 820 precipue
328 756 449 804 convenire
463 756 644 818 intendentibus,
661 765 689 804 ut
705 767 805 810 oratore·

175 829 192 872 t.
202 821 342 879 exisdm,
353 835 484 884 persequar.
734 851 736 856 -

162 885 246 947 Igitur,
258 894 286 932 ut
296 885 385 932 Aratus
399 886 427 931 ab
437 888 499 932 Jove
511 887 671 948 incipiendum
682 895 759 950 putat,
771 888 804 938 ita

128 961 172 996 nos
188 949 232 996 rite
249 949 344 1010 cepturi
363 951 393 997 ab
410 951 517 996 Homero
535 950 647 998 videmur.
673 951 722 1000 Hic
739 953 803 1002 euim

128 1011 337 1075 (quemadmodum
354 1028 383 1060 cc
399 1029 481 1061 oceano
496 1014 552 1062 dicit
567 1014 617 1078 ipse
632 1017 740 1064 omnium
751 1020 802 1066 vim

121 1078 279 1140 fontiumque
297 1075 381 1124 coreis
397 1080 495 1126 initium
514 1083 609 1140 capere)
626 1079 734 1129 omnibus
753 1082 801 1130 elo,

128 1141 230 1204 quentise
243 1143 346 1205 partibus
359 1142 493 1204 exemplum
508 1151 530 1190 et
543 1151 619 1192 ortum
632 1143 703 1191 dedit.
727 1146 801 1196 Hune

127 1220 198 1254 nemo
211 1206 234 1253 in
251 1207 343 1270 magnis
356 1206 504 1265 mblimitate‚
520 1207 544 1253 in
559 1207 635 1271 parvis
653 1209 800 1272 proprietate,

126 1270 274 1333 superaverit.
291 1271 357 1319 Idem
369 1272 436 1319 laetus
443 1286 470 1318 sc
480 1286 579 1333 pressus,
589 1272 705 1333 jucundus
715 1283 738 1321 et

126 1335 171 1393 vis,
182 1343 234 1382 tum
245 1335 320 1398 mpii,
331 1343 383 1382 tum
393 1335 503 1384 brevitate
512 1335 639 1393 mirabili„
657 1351 700 1385 nec
710 1338 803 1402 po‘su'oi

126 1399 206 1458 modo,
218 1400 259 1447 red
265 1399 370 1460 oratorii,
379 1401 463 1448 virtute
472 1400 673 1450 eminentissimus.
690 1402 714 1449 N
716 1418 763 1462 sm,
771 1411 799 1452 ut

125 1463 156 1511 de
162 1463 277 1524 laudibus,
285 1464 489 1525 exhortationibus,
496 1465 797 1525 consolationibustscesme

125 1542 204 1576 nonne
214 1529 251 1575 vel
261 1543 334 1577 nouus
341 1529 408 1588 liber,
418 1544 465 1592 quo
472 1529 579 1577 misssad
586 1530 705 1579 Achillem
713 1531 799 1593 legatio

125 1592 264 1652 continetur,
275 1594 321 1652 vel,
331 1593 356 1640 in
368 1593 452 1656 primo,
463 1593 523 1642 inter
535 1593 604 1642 duces
618 1593 659 1642 ills
673 1596 797 1656 contentio,

124 1656 163 1705 vel
173 1656 240 1706 dictas
250 1657 275 1704 in
286 1657 385 1706 secundo
395 1658 521 1717 sententie,
529 1673 609 1706 omnes
619 1659 696 1711 litium
707 1674 734 1706 ao
744 1673 800 1706 con.

124 1721 229 1770 siliorum
244 1723 359 1784 explicent
371 1725 450 1770 artes?
466 1722 573 1774 Affectus
583 1722 686 1786 quidem,
698 1723 735 1770 vel
745 1723 797 1772 illos

122 1786 200 1845 mites,
210 1787 253 1836 .vel
269 1787 312 1835 hos
327 1787 458 1846 concitatos,
475 1802 543 1836 nemo
559 1787 603 1835 erit
618 1795 667 1836 tam
683 1787 797 1848 indoctus,

139 1850 165 1897 ui
181 1865 228 1899 non
244 1852 270 1898 in
286 1851 330 1900 sui
346 1859 458 1914 potestate
475 1852 539 1904 hunc
556 1862 672 1906 auctorem
689 1852 797 1903 habuisse

148 1923 230 1964 teatur.
252 1917 307 1979 Age
319 1931 381 1973 vero,
396 1931 481 1975 norme,
494 1916 519 1962 in
536 1917 656 1982 utriusque
672 1918 708 1966 sui
722 1917 797 1981 operia

122 1980 237 2042 mgressu,
252 1980 394 2044 paucissimis
409 1981 511 2034 versibus
529 1981 605 2045 legem
623 1982 795 2046 proemiorum,

122 2058 171 2091 non
184 2043 244 2104 diuo,
258 2045 363 2103 servavit,
377 2045 417 2092 sed
430 2045 565 2095 constituit?
582 2047 647 2094 Nam
661 2056 684 2094 et
696 2049 796 2094 benevo-

121 2109 175 2156 lum
188 2108 314 2158 auditorem
326 2109 468 2158 invocatione
479 2109 592 2170 Deorum,
604 2127 662 2174 ques
674 2109 796 2172 presidere

121 2173 214 2224 vatibus
229 2174 341 2232 creditum
357 2181 398 2233 est,
413 2183 437 2222 et
452 2174 568 2222 intentum
583 2173 701 2238 propositi
716 2187 795 2221 rerum

119 2237 290 2301 magnitudine,
307 2248 331 2286 et
346 2237 451 2297 docilem,
468 2239 561 2286 summi
577 2238 678 2286 celeriter
691 2252 795 2300 compre·

119 2303 203 2363 hensa,
218 2302 280 2350 iacit.
303 2303 404 2350 Narrare
417 2318 470 2350 vero
482 2303 535 2366 quis
549 2303 650 2361 brevius,
665 2317 737 2366 quam
753 2301 795 2365 qui

118 2373 220 2416 mortem
231 2367 323 2414 nuntiet
334 2367 450 2414 Patrocli?
467 2367 519 2432 quis
531 2366 698 2430 significantius
709 2374 793 2430 potest,

114 2446 192 2496 quam
201 2431 243 2494 qui
254 2432 366 2480 Curetum
375 2432 555 2494 AEtolorumque
564 2431 671 2494 proeiium
682 2429 795 2494 exponit?

115 2496 178 2548 Jsm
189 2495 359 2570 similimdines,
372 2496 569 2558 amplificationes,
581 2496 696 2558 mempls,
708 2495 795 2558 digres-

118 2567 798 2734 mmmmmmmm

633 2701 652 2736 tt
