1808 2938
135 103 186 160 278
248 137 250 142 ,
269 97 401 150 iusrl'r.
417 93 576 148 ORATOR.
592 92 643 144 x1.
659 95 686 142 a

136 247 184 280 non
196 229 306 280 inhabde.
331 226 394 276 Cum
408 241 462 276 vero
476 231 564 289 magna
579 239 635 288 pars
654 233 692 272 est
707 223 824 274 'exhausti

136 297 254 354 metionis,
263 294 344 357 utique
349 292 443 340 afflante
448 291 550 348 fortuni,
558 303 626 352 paene
637 289 723 337 omnia
733 289 823 347 dwent,

138 360 208 408 sudor
224 360 274 422 ipse
290 367 314 406 et
332 356 444 419 fatigatio,
462 363 486 404 et
501 353 657 416 negligentior
672 354 788 412 amictus,
803 361 825 401 et

138 425 215 473 soluta
232 439 260 471 ae
275 423 339 471 velut
355 422 435 468 labens
451 419 556 482 undique
575 427 639 480 toga.
672 418 736 478 Quo
752 419 826 482 magis

138 489 210 538 mircn
221 487 282 535 hanc
294 501 387 550 quoque
400 483 537 532 succurrisse
552 481 631 530 Plinio
645 497 742 541 curam,
754 492 783 530 ut
796 483 826 530 ita

139 552 231 601 sudario
238 553 337 600 frontem
348 549 427 598 siccari
435 549 536 610 juberet,
545 563 576 594 ne
583 561 658 594 comae
665 549 827 604 turbarentur,

139 633 199 680 quas
209 615 317 679 componi
329 621 382 676 post
391 615 498 676 paulum,
511 611 579 659 sicuti
589 611 694 674 dignum
707 621 768 671 erat,
780 627 829 675 grs-

140 681 199 730 viter
208 689 232 728 et
240 695 315 731 severe
325 678 405 726 vetuit.
422 675 487 724 Mihi
497 691 552 724 vero
561 675 610 722 illae
620 691 723 740 quoque
733 678 830 723 turbata

158 761 189 792 rae
200 761 224 794 se
240 745 299 792 ferre
313 741 402 805 aliquid
412 741 514 800 affectis,
526 749 550 788 et
566 739 619 803 ipsit
637 741 763 788 oblivione
773 756 830 788 cure

140 763 384 870 lujuseommendari,
392 805 507 853 videntur.
524 805 569 865 At,
580 805 783 866 siinoipientibus
792 813 828 852 aut

142 874 241 936 pardum
259 869 381 936 progressis
394 869 484 917 decidat
499 876 563 931 toga,
581 883 630 916 non
642 885 761 932 reponere
772 885 828 926 eam,

142 953 236 1002 prorsus
253 934 389 1000 negligentis
406 941 447 981 aut
462 932 534 996 pigri,
548 941 591 980 aut
607 933 734 996 quomodo
752 934 831 982 debeat

143 1001 239 1056 amiciri,
251 999 370 1048 nescientis
380 1005 426 1046 est
714 1021 716 1023 ·

143 1087 144 1090 ¹
177 1065 236 1114 Hoec
258 1074 312 1113 sunt
328 1064 365 1112 vel
381 1063 551 1110 illustramenta
567 1062 783 1126 pronuntiationis,
799 1061 832 1109 vel

144 1130 216 1186 vitia;
229 1129 315 1194 quibus
325 1126 455 1192 propositis,
463 1126 541 1174 multa
551 1125 653 1189 cogitare
660 1126 735 1176 debet
742 1123 832 1174 oratori

144 1195 257 1259 primum,
269 1195 334 1255 quid,
348 1193 411 1254 opud
428 1205 493 1252 quos,
513 1193 598 1251 quibua
611 1193 791 1253 proetcntibus,
806 1191 833 1238 sit

144 1262 258 1307 acturus?
275 1259 349 1317 Nam,
366 1265 394 1302 ut
410 1255 488 1302 dicere
503 1255 550 1302 alia
566 1255 628 1313 aliis,
647 1263 671 1304 et
689 1257 760 1318 apud
771 1255 833 1312 alios,

146 1321 221 1384 magis
232 1322 351 1378 eonvenit3
369 1320 402 1367 sie
418 1319 488 1367 etiam
504 1318 587 1367 iacere.
611 1319 703 1383 Neque
718 1319 835 1368 eaderniu

147 1401 210 1444 voce,
221 1395 296 1448 gestu,
308 1386 404 1439 incessu,
423 1383 487 1446 apud
496 1383 637 1446 principem,
655 1393 782 1444 senatum,
798 1399 836 1448 po-

147 1450 241 1514 pulum,
252 1450 423 1513 magistratum,
440 1447 539 1510 privato,
552 1447 646 1510 publico
661 1449 768 1510 judicio,
787 1463 837 1512 pos·

148 1515 268 1574 tuotone,
280 1515 376 1571 oenone,
392 1511 495 1562 similiter
513 1511 602 1560 decent
630 1512 718 1572 Quam
729 1514 837 1562 differen-

149 1579 206 1628 tiam
217 1580 327 1641 subjicere
337 1579 381 1626 sibi
392 1576 499 1640 quisque,
517 1576 559 1640 qui
572 1577 680 1624 animum
699 1578 837 1636 intenderit,

149 1652 234 1708 potest,
246 1651 296 1691 tum
308 1643 356 1707 qui
366 1642 395 1689 de
405 1657 430 1689 re
440 1641 510 1700 dicat,
522 1649 544 1688 et
555 1640 644 1689 efficere
653 1642 717 1704 quid
727 1645 796 1691 velit

183 1709 229 1756 Rei
239 1708 384 1772 quadruplex
394 1705 520 1754 observatio
531 1713 579 1753 estc
595 1707 651 1754 Uno
658 1705 685 1752 in
695 1708 749 1755 tota
761 1708 838 1756 caud.

151 1773 212 1822 Sunt
223 1773 284 1821 enim
295 1773 379 1829 tristes,
389 1771 481 1824 hilares.
492 1769 603 1830 sollicite,
614 1785 713 1831 securae,
729 1773 839 1836 grandes,

149 1836 242 1899 pusilla
249 1854 258 1883 t
268 1845 294 1884 ut
304 1837 343 1884 vix
352 1851 457 1900 unquam
463 1835 497 1882 ita
507 1833 625 1882 sollicitari
632 1835 746 1909 pertibus
758 1853 839 1904 earnm

150 1901 286 1960 debeamus,
301 1908 328 1947 ut
343 1915 391 1948 non
407 1915 505 1948 summae
521 1897 717 1948 meminerimus:
741 1903 840 1962 Altero,

150 1981 206 2030 vquae
217 1965 285 2015 estin
296 1963 423 2012 differentiis
433 1964 544 2028 partium,
553 1971 581 2010 ut
590 1963 616 2010 in
626 1965 755 2026 prooemio,
763 1981 842 2015 narra-

154 2031 224 2089 tione,
236 2029 441 2092 argumentatione,
453 2028 555 2092 epilogo:
577 2029 661 2076 Tertio
676 2029 705 2075 in
720 2031 842 2079 sententiis

154 2094 219 2159 ipsis,
236 2095 262 2142 in
272 2093 366 2157 quibus,
379 2093 506 2140 secundum
516 2107 552 2140 res
563 2100 586 2140 et
600 2091 707 2150 affectus,
720 2096 843 2143 variantur

155 2160 248 2207 omniac
268 2160 360 2214 Quarto
375 2157 399 2204 in
410 2157 494 2215 verbis,
510 2171 610 2220 quorum
623 2164 652 2203 ut
664 2167 701 2205 est
715 2159 814 2219 vitiosa,
826 2161 843 2208 si

156 2223 244 2272 efficere
254 2221 332 2270 omnia
342 2222 448 2282 velimus,
459 2221 574 2280 imitati03
590 2221 623 2268 ita
631 2221 795 2284 quibusdam,
802 2224 843 2271 nisi

157 2303 199 2335 sua
216 2297 298 2334 natura
312 2286 424 2342 redditur,
438 2285 472 2334 vis
489 2286 565 2333 omnis
578 2285 692 2332 aufertur.
721 2287 808 2350 Igitur
823 2290 844 2336 in

157 2350 328 2396 laudationibus
338 2350 396 2410 (nisi
406 2350 427 2396 si
436 2350 545 2398 funebres
559 2351 648 2409 erunt),
661 2351 801 2412 gratiarum
812 2369 847 2402 ao·

158 2412 228 2468 tione,
243 2412 407 2472 exhortatione,
426 2413 550 2473 similibus,
563 2413 618 2460 laeta
634 2422 657 2461 et
673 2417 812 2479 magnifica
826 2427 847 2466 et

158 2474 264 2541 sublimis
274 2483 308 2522 est
319 2477 385 2523 actio
401 2478 519 2525 Funebres
527 2477 656 2536 conciones,
663 2480 848 2537 consolationes,

158 2535 298 2598 plerumque
316 2553 389 2586 oausae
410 2555 512 2600 reorum,
530 2542 607 2589 tristes
624 2551 696 2606 etque
716 2547 849 2594 submisse.

159 2598 193 2663 ln·
201 2607 280 2646 senatu
291 2604 444 2656 consenantia
450 2605 582 2665 auctoritas,
590 2606 655 2670 apud
662 2609 791 2672 populum
801 2611 850 2675 dig·
