1808 2938
197 121 579 175 insula.0notolt.xr1.
598 125 636 172 lo.
709 121 759 172 sla

80 267 159 365 ppens
169 251 250 302 Deum
264 253 371 318 aquarii.
402 231 445 302 A'd
459 253 577 303 veritatem
591 254 725 316 Lysippum
735 261 759 301 et

107 321 231 366 casitatem
244 319 361 368 accessisse
373 319 461 382 optime
473 318 597 366 affirmant.
630 319 695 366 Nam
707 320 759 366 De·

4 415 7 446 :
82 385 194 441 saeta-ias,
211 391 331 446 tamquam
347 383 434 430 nimius
446 383 472 430 in
485 383 522 442 ei,
537 383 719 447 reprehenditur,
734 389 758 430 et

4 482 7 512 ί
82 447 131 494 fuit
142 447 306 508 similitudinis,
318 463 390 512 quarn
400 447 585 511 pulchritudinis,
597 447 717 496 amantior.

119 513 149 560 In
163 513 263 560 oratione
273 527 335 572 vero,
351 512 370 560 si
383 513 468 576 species
484 513 645 573 mmanuelis,
661 511 757 561 totidem

81 591 150 640 paene
165 577 264 640 reperias
279 577 434 640 ingeniorum,
449 585 506 640 quot
522 591 652 640 corporum,
664 577 756 626 formas.

4 679 8 710 ἶ
83 641 132 688 Sed
147 641 212 690 fuere
228 642 335 706 quadam
351 657 435 704 genera
450 641 540 690 dicendi
555 642 685 689 conditione
699 649 759 690 tem·

5 767 6 772 ¹
82 719 169 768 porum
180 706 315 768 horridiora,
327 707 413 770 alioqui
425 721 535 769 magnam
547 707 598 768 jam
610 706 698 768 ingenii
709 707 757 754 vim

4 809 9 842 l

82 785 133 833 prae
148 785 173 817 se
188 771 290 820 ferentia.
326 771 390 819 Hinc
404 780 459 819 sunt
473 773 555 830 Laelii,
570 771 693 835 Africani,
710 773 757 820 Ca·

4 881 5 886 ,
84 837 158 893 to'aes,
180 837 335 897 Gracchique,
354 849 412 900 quos
431 845 457 884 tu
478 836 531 884 licet
553 838 698 897 Polygnotos
720 837 757 884 vel

86 901 188 946 Caioaas
203 900 312 964 appelles.
344 899 451 948 Mediam
466 900 532 948 illam
549 901 648 948 formam
665 909 758 948 teneant

83 965 115 1011 L.
133 966 243 1024 Crassos,
259 965 288 1020 Q.
302 965 455 1012 Hortensius.
489 965 555 1013 Tum
565 965 648 1012 deinde
658 963 757 1030 efflores-

4 1077 6 1086 ,
83 1037 122 1076 cat
140 1043 186 1076 non
202 1029 305 1078 multum
320 1030 380 1078 inter
395 1045 419 1078 sc
435 1030 572 1078 distantium
588 1040 690 1093 tempore
705 1045 756 1078 ora-

4 1087 7 1154 ζ
82 1101 160 1141 torum
168 1094 388 1158 ingensproventus.
415 1095 478 1143 Hinc
485 1089 535 1142 vim
543 1093 649 1152 Casaris,
657 1095 757 1141 mdokm

4 1157 8 1210 f
82 1157 160 1216 (laelii,
172 1160 323 1206 subtilitatem
336 1159 439 1216 Callidii,
451 1161 596 1221 gravitatem
611 1157 689 1216 Bruti,
701 1175 757 1205 acaa

4 1221 8 1278 ,'
83 1237 138 1269 mssa
148 1221 253 1286 Sulpicii,
267 1224 416 1271 acerbitatem
427 1223 510 1283 Cassii,
522 1225 671 1284 diligentiam
684 1222 757 1270 Polli·

4 1283 7 1346 ζ
83 1287 142 1347 onis,
155 1289 296 1350 dignitatem
309 1289 426 1347 Messala,
438 1291 586 1336 sanctitatem
600 1287 676 1346 Calvi,
691 1303 757 1350 repe-

4 1355 6 1364 *
83 1350 184 1398 riemuss
211 1353 237 1398 in
253 1352 290 1400 his
307 1351 386 1412 etiarn,
406 1367 464 1416 quos
482 1352 527 1416 ipsi
540 1352 649 1412 uidimus,
665 1354 756 1413 copiam

85 1415 185 1471 Seneca,
198 1415 260 1463 vires
271 1417 385 1473 Africani,
398 1420 559 1464 maturitatem
570 1417 634 1475 Afri,
639 1418 755 1480 jacundi-

4 1463 8 1560 ζ
85 1484 158 1526 tatem
170 1479 253 1544 Crispi,
265 1496 348 1528 sonam
357 1481 484 1540 Trachalli,
496 1482 635 1543 elegantiam
647 1481 755 1528 Secundi.

117 1544 154 1590 At
171 1545 211 1590 M.
234 1546 341 1592 Tullium
361 1560 408 1592 non
426 1546 495 1593 illum
515 1546 627 1593 habemus
642 1547 772 1607 Euphra--

4 1591 7 1622 ³
83 1622 164 1656 aorem
175 1609 234 1657 circa
244 1610 347 1673 plurium
358 1610 442 1658 artium
453 1610 537 1674 species
548 1617 702 1673 praestantem,
714 1609 755 1656 sed

84 1672 109 1719 in
120 1673 236 1734 omnibus,
250 1691 302 1738 quae
314 1675 338 1722 in
352 1689 445 1738 quoque
457 1675 589 1734 laudantur,
603 1673 756 1722 eminentissi-

83 1751 160 1785 mum·
191 1738 269 1798 Quem
280 1747 497 1787 tamenetsuorum
508 1739 613 1787 homines
623 1747 755 1801 temporum

4 1801 5 1818 ¹
83 1801 194 1851 incessere
208 1803 324 1852 audebant
339 1811 367 1852 ut
382 1803 537 1862 tumidiorem,
552 1811 575 1851 et
589 1802 715 1862 Asianum,
733 1811 756 1850 et

83 1867 258 1930 redundantem,
270 1876 293 1916 et
303 1869 328 1916 in
339 1867 511 1932 repetitionibus
519 1867 627 1928 nimium,
636 1876 659 1914 et
666 1867 691 1914 iu
702 1867 756 1916 sali·

4 1921 5 1944 ³
83 1931 128 1978 bus
139 1932 262 1994 aliquando
272 1933 393 1996 frigidum,
405 1940 428 1981 et
437 1933 462 1980 in
474 1932 636 1996 compositione
646 1931 754 1991 frastim,

83 1995 246 2054 exsulantem,
258 2013 284 2045 ac
297 1997 444 2062 pane(quod
456 1997 536 2074 procul
543 1995 612 2058 absit)
621 1997 670 2045 viro
677 1997 756 2043 molli-

82 2073 155 2108 orem.
185 2059 267 2109 Postea
283 2077 336 2110 vero
353 2077 425 2126 quarn
439 2061 577 2110 triumvirali
592 2060 756 2124 proscriptione

82 2131 217 2188 conmmtus
228 2133 270 2184 est,
283 2127 377 2190 passim,
391 2127 432 2190 qui
446 2127 549 2185 oderant,
561 2125 602 2190 qui
612 2125 754 2185 invidebant,

81 2187 124 2252 qui
135 2189 312 2251 aemulabantur,
324 2190 452 2239 adulatores
464 2191 534 2238 etiam
546 2190 664 2252 praesentis
675 2195 756 2252 poten-

81 2253 129 2312 tiae,
144 2268 191 2300 non
205 2269 368 2318 responsurum
382 2255 521 2304 invaserunt.
553 2255 598 2302 Ille
612 2263 698 2312 tamem
714 2253 755 2317 qui

78 2319 175 2379 Jejunus
188 2335 203 2366 a
216 2319 354 2382 quibusdam
371 2329 394 2368 et
410 2320 487 2368 aridus
503 2321 609 2380 hebetur,
626 2333 672 2366 non
689 2318 756 2366 aliter

80 2383 112 2430 ab
124 2382 181 2446 ipsis
195 2383 293 2432 inimicis
306 2385 367 2432 male
377 2383 465 2448 audire,
482 2401 552 2448 quam
567 2384 645 2431 nimiis
660 2382 755 2432 floribus

80 2455 104 2496 et
114 2447 202 2511 ingenii
212 2447 338 2508 affluendi,
348 2450 433 2519 potuit.
463 2449 561 2498 Falsum
571 2457 705 2512 utrumque,
715 2447 755 2496 sed

79 2521 159 2560 tamen
169 2512 211 2560 illa
217 2513 344 2562 mentiendi
351 2514 444 2578 propior
454 2514 548 2563 occasio.
576 2513 756 2576 Pracipuevero

79 2587 211 2640 presserunt
222 2593 285 2639 eum,
297 2580 338 2644 qui
349 2579 420 2627 videri
426 2578 560 2627 Atticorum
570 2578 695 2626 imitatores
702 2591 756 2625 con-

79 2641 205 2703 cupierant.
239 2643 299 2692 Haec
309 2659 402 2702 manus,
414 2645 480 2708 quasi
490 2644 630 2708 quibusdam
640 2641 708 2690 sacris
718 2641 755 2687 in-
799 2645 807 2654 '

77 2704 152 2767 itiata,
163 2716 191 2755 ut
204 2707 367 2774 alienigenam,
384 2717 407 2757 et
422 2709 498 2758 virum
512 2707 705 2773 superstitiosum,
716 2705 756 2753 de·
