1868 2942
142 99 174 146 64
261 99 391 150 INSTIT·
408 96 565 148 ORATOR.
583 95 659 146 VIII.
674 96 700 144 3.

140 226 192 290 ipso
202 227 283 276 auditu
293 224 373 290 espern
382 227 458 291 magis
468 225 614 276 eonveniunt.
638 225 669 274 In
678 222 814 273 uuiversum

141 290 237 354 quidem
241 287 336 354 'optimu
346 291 487 356 simpIIcium
498 290 631 349 creduntur,
639 305 693 352 quae
700 297 741 336 aut
749 304 816 337 mex·

141 355 189 402 ime
199 357 337 414 exclamant,
349 365 390 403 sut
401 371 456 404 sono
466 363 521 403 sunt
528 354 703 416 jucundissime.
728 354 764 402 Et
773 354 816 401 ho·

142 428 207 467 nesta
217 420 312 484 quidem
328 421 434 484 turpibus
482 420 539 468 tiors
555 433 652 482 semper,
664 433 706 466 nec
717 418 815 465 sordidis

142 499 248 546 unquam
257 485 282 532 in
294 485 395 533 oratione
405 499 445 532 eru
463 485 495 532 'ti
505 485 577 532 locus.
603 483 672 531 Cisra
685 483 727 530 ills
743 491 815 546 atque

143 547 252 596 mulinis
266 549 404 613 plerumque
417 549 519 597 materis
535 547 605 595 modo
621 547 734 596 cementis
752 555 815 594 sunt.

128 659 130 662 ,
144 611 217 670 Quod
231 613 294 661 enim
310 613 366 662 alibi
379 613 539 676 magnifieum,
551 611 669 659 tumidum
682 611 746 659 alibi.
770 612 813 672 Et,

143 676 202 725 sicut
212 678 237 726 in
247 679 349 726 oratione
356 677 431 726 nitius
437 677 536 726 notabile
542 683 578 725 est
587 676 700 724 humilius
707 677 815 735 verbum,

144 750 167 790 et
178 743 241 790 velut
251 743 355 798 msculs3
374 742 432 790 itas
447 756 550 790 sermone
565 741 629 788 tenui
644 740 744 788 sublime
759 739 816 788 niti·

144 805 249 870 dumque
263 805 383 865 dissordst,
400 806 473 870 fitque
487 813 630 868 corruptum,
642 805 698 868 quin
707 804 733 851 in
743 805 817 879 plano

144 877 226 918 tumet.
250 870 365 929 Quaedam
375 885 423 919 non
433 879 482 918 tam
492 870 581 918 ratione
590 884 662 934 quum
673 883 743 918 sensu
751 869 817 931 judr-
919 935 920 942 ἵ

145 943 244 992 uantum
261 943 288 982 ut
298 935 366 996 illud,

212 1082 234 1098 ..
244 1083 266 1100 ..
276 1083 297 1099 ..
307 1048 375 1100 Coess
379 1051 512 1115 jungebant
515 1050 608 1114 fudere
615 1047 700 1113 porei,

144 1161 199 1210 fecit
214 1163 306 1227 elegans
317 1163 379 1212 fictio
393 1163 502 1224 nominis,
516 1161 587 1228 quod,
604 1163 624 1210 si
640 1161 722 1210 fuisset
731 1176 815 1225 porco,

145 1227 191 1275 vile
201 1237 256 1276 erut.
279 1231 309 1276 In
322 1228 461 1293 quibusdum
477 1228 535 1276 ratio
550 1227 673 1276 manifesta
687 1235 729 1275 est.
753 1227 818 1276 Risi·

145 1306 208 1352 mus,
220 1301 243 1340 et
252 1293 343 1354 merito,
354 1308 428 1357 nuper
440 1294 541 1358 poetam,
553 1293 595 1356 qui
605 1291 703 1351 dixerat,

200 1399 349 1446 Praetestam
360 1401 387 1445 tn
397 1396 458 1446 cirisi
469 1413 548 1446 mures
559 1395 637 1446 rosere
651 1398 758 1446 Camilli.

147 1511 288 1578 At'Virgilii
298 1513 411 1562 miramur
420 1513 489 1574 illud,

265 1655 355 1672 ......
361 1624 425 1685 Soepe
436 1624 626 1684 exiguusmus..
639 1652 692 1670 ....

146 1735 211 1784 Nam
220 1736 345 1800 epitheton,
354 1737 463 1797 exiguus,
473 1742 554 1797 aptum
564 1733 684 1796 proprium
695 1732 777 1794 effecit,
787 1747 821 1782 ne

145 1801 200 1862 plus
216 1809 414 1862 exspectaremus;
431 1806 454 1846 et
470 1813 534 1846 casus
550 1797 672 1860 singularis
687 1797 762 1860 magis
776 1797 821 1846 de-

146 1863 202 1920 cuit,
214 1871 237 1910 et
247 1863 350 1912 clausula
360 1863 410 1925 ipsu
420 1862 490 1910 unius
501 1863 604 1926 syllubae,
613 1877 660 1910 non
671 1863 764 1922 usitata,
775 1861 821 1908 ud-

147 1927 206 2001 didit
223 1928 328 1990 gretiam.
350 1927 460 1976 Imitatus
477 1936 511 1974 est
526 1927 605 1990 itaque
620 1936 746 1991 utrumque
764 1926 820 1974 Ho-

148 2000 230 2053 ratrus,

276 2135 360 2152 ......
368 2103 490 2150 Nascetur
501 2101 618 2151 ridkulus
628 2118 689 2151 mut.
723 2113 729 2120 '

147 2220 199 2266 Nec
214 2216 320 2280 augenda
334 2231 424 2280 semper
437 2216 518 2276 oratio,
530 2215 570 2264 ssd
586 2215 743 2266 submittenda
759 2229 821 2264 non·

146 2297 267 2347 nunquam
278 2289 321 2329 est.
343 2281 401 2328 Vim
416 2283 485 2328 rebus
500 2280 625 2344 aliquando
639 2290 662 2329 et
676 2281 728 2345 ipsu
738 2283 822 2329 verbo-

146 2362 200 2393 rum
219 2346 338 2393 humilitus
355 2345 428 2393 affert.
452 2346 504 2404 An,
522 2360 576 2392 cum
594 2344 649 2392 dicit
665 2345 691 2392 in
709 2345 822 2392 Pisonem

147 2410 236 2470 Cicero,
249 2411 311 2458 Cum
319 2412 362 2457 tibi
370 2417 420 2458 totu
426 2411 533 2471 coguatio
541 2411 567 2456 tu
575 2424 670 2456 tarraco
677 2411 820 2468 advehatur,

146 2473 253 2522 intidisse
269 2474 359 2522 videtur
375 2475 400 2520 in
415 2473 534 2520 sordidum
547 2487 641 2530 nomen,
657 2487 704 2520 non
720 2489 747 2520 eo
764 2487 823 2520 con-

146 2545 246 2586 temtum
252 2538 361 2599 huminis,
370 2552 441 2601 quem
449 2537 593 2585 desnuctum
602 2537 700 2597 volebat,
708 2536 821 2584 auxisse?
