1808 2938
225 107 356 174 rusum.
372 122 529 175 osseos„
546 123 609 174 xu.
624 127 648 174 u
727 125 778 185 sor

96 261 166 304 teum
177 254 232 317 plus
247 253 394 318 prostitime3
411 255 465 317 quis
480 271 522 304 nee
538 255 614 304 venire
629 255 674 303 hoe
688 256 775 303 benefl-

97 320 166 368 oium
175 327 273 382 oportet,
284 334 327 366 nec
337 319 417 382 perire.
440 321 557 384 Denique,
568 329 595 368 ut
605 329 685 384 gratus
694 321 732 379 sit,
744 319 775 368 od

100 398 158 432 eum
167 383 243 446 magis
251 383 359 447 pertinet,
370 383 412 447 qui
422 383 498 433 debet.

334 513 451 563 CAPUT
468 515 544 563 VIII.

134 641 246 691 Proxime
256 644 373 690 discenda
382 659 459 690 causer
469 645 540 702 tutto,
550 643 612 707 quod
623 651 657 690 est
667 643 775 691 orationis

2 697 5 780 J
98 708 289 756 fundamentum.
323 707 408 771 Neque
414 708 476 756 enim
488 709 611 772 quisquam
623 716 671 754 tam
682 708 774 770 ingenio

2 785 4 834 j
100 773 166 820 tenui
176 773 296 834 reperitur,
308 772 357 835 qui,
370 785 424 820 eum
435 773 521 832 omnia,
533 789 586 836 quae
598 773 686 819 suntin
697 787 774 830 ceusu

2 843 5 904 ζ
101 837 224 900 diligenter
231 836 542 898 coguoveriteddoeendum
552 836 719 898 cert'ejudicem
727 851 774 884 non

2 915 3 920 ¹
101 901 208 950 sufficiat
242 900 288 949 sed
301 902 350 962 ejus
362 901 395 948 rei
406 901 549 964 paucissimis
559 917 614 950 curo
624 910 664 948 est.
683 917 685 920 ·
698 901 773 961 Nem,

2 957 3 984 ³
97 973 130 1013 -ut
140 973 228 1013 taceam
238 964 267 1012 de
277 965 454 1028 negligentibus,
466 981 565 1030 quorum
575 965 635 1012 nihil
645 965 721 1025 refert,
733 965 775 1012 ubi

1 1022 5 1050 ³
100 1029 180 1078 litium
192 1029 260 1076 cardo
270 1038 379 1089 vertetur,
390 1030 446 1077 dum
459 1031 512 1091 sint,
524 1045 585 1093 qum,
597 1031 634 1077 vel
645 1039 709 1078 extro
719 1044 775 1080 ceu·

101 1093 162 1154 sem,
173 1109 202 1142 ex
214 1093 315 1158 personis
325 1103 366 1141 aut
377 1095 494 1142 eommuni
505 1102 602 1141 tractatu
612 1094 724 1148 lotorum,
736 1109 775 1142 oe-

2 1155 4 1180 *
101 1159 217 1207 rationem
233 1158 348 1206 damandi
365 1158 507 1221 largiantu13
534 1159 623 1222 aliquos
639 1167 662 1205 et
678 1157 774 1206 ambitio

2 1223 3 1288 f
99 1223 216 1288 pervertit,
227 1222 278 1286 qui,
291 1223 384 1285 partim,
392 1231 512 1287 tamquam
519 1223 632 1285 occupati,
640 1237 774 1286 semperque

98 1288 164 1340 uliud
180 1288 291 1335 habentes
304 1287 368 1350 quod
380 1295 433 1335 ante
449 1288 565 1350 egendum
576 1287 614 1347 sit,
625 1287 699 1351 pridie
710 1287 739 1334 ed
750 1301 774 1334 se

99 1353 177 1402 venire
183 1353 331 1414 litigatorem,
339 1343 466 1400 euteodem
473 1352 595 1411 matutino,
605 1353 703 1414 jubent3
715 1365 774 1398 non-

99 1431 223 1479 nunquam
234 1416 304 1463 etiem
313 1415 430 1479 interipsa
438 1417 546 1464 subsellia
553 1416 657 1464 didicisse
668 1432 692 1464 se
703 1416 775 1479 glori-

98 1491 187 1536 amun
204 1481 297 1543 partim,
306 1481 417 1541 jactantii
425 1481 520 1544 ingenii,
528 1489 598 1529 utres
609 1481 654 1528 cito
662 1481 774 1542 arxepisse

100 1546 230 1603 videantur,
241 1553 318 1592 tenere
331 1560 355 1592 se
368 1553 391 1592 et
401 1545 527 1608 intelligere
540 1545 605 1608 prius
615 1561 689 1608 pune,
702 1559 772 1608 quam

99 1611 206 1668 audiant,
219 1609 319 1668 mentiti,
333 1624 387 1656 cum
402 1611 477 1657 multa
490 1619 513 1656 et
525 1609 616 1668 diserte,
630 1609 773 1672 summisque

99 1674 250 1731 elamoribus,
262 1691 315 1737 quae
330 1689 406 1737 neque
419 1674 449 1721 ad
460 1674 562 1735 judicem
572 1689 647 1737 neque
657 1673 687 1720 ad
696 1674 774 1736 litiga·

101 1749 175 1789 torem
188 1739 325 1803 pertineant,
336 1738 521 1799 decantaverunt,
533 1741 592 1786 bene
604 1738 720 1798 sudantes,
732 1740 772 1786 be·

98 1821 176 1868 neque
186 1803 297 1861 comitati,
306 1818 348 1866 per
355 1802 432 1850 forum
442 1803 589 1850 reducuntur.
678 1818 680 1822 ’

134 1870 173 1917 Ne
185 1868 237 1916 illes
250 1867 346 1931 quidem
360 1867 453 1914 tulerim
467 1867 560 1914 delicias
573 1882 661 1927 eorum,
677 1867 719 1931 qui
732 1867 774 1915 do-

99 1933 147 1982 ceri
157 1931 242 1979 anticos
252 1947 303 1979 suos
311 1933 408 1992 jubent3
426 1947 569 1996 quemquam
576 1932 654 1979 minus
662 1933 719 1979 meli
729 1941 772 1990 est,

100 1998 122 2045 si
134 1996 171 2043 illi
186 1997 267 2044 saltem
283 2004 343 2044 recte
359 1995 457 2054 discunt,
474 2005 579 2060 recteque
593 1997 696 2045 doceant
727 1997 775 2046 Ssd

99 2061 155 2126 quis
171 2060 241 2109 discet
257 2068 306 2108 tsm
324 2062 392 2118 bene,
409 2075 480 2124 quem
498 2059 632 2123 petronus?
649 2061 774 2120 Quomodo

99 2135 180 2175 autem
191 2133 308 2188 sequester
316 2123 359 2172 itte
369 2133 392 2171 et
402 2124 479 2172 medie
490 2125 568 2173 litium
582 2140 675 2183 manus,
687 2134 710 2172 et
720 2125 773 2188 qui·

96 2190 155 2238 dom
175 2185 298 2252 interpres‚'
313 2189 433 2252 Impendet
451 2205 517 2254 aequo
535 2189 614 2237 animo
629 2187 731 2237 laborem
748 2189 774 2236 in

98 2255 188 2304 alienas
198 2253 305 2311 actiones,
317 2267 370 2300 cum
381 2253 483 2302 ditturus
491 2255 540 2318 ipse
548 2269 594 2302 non
602 2253 647 2302 sit?
665 2253 774 2302 Pessimae

98 2335 154 2370 vero
161 2317 433 2377 consuetudinumque
441 2334 488 2366 esse
494 2327 635 2379 contentum,
645 2333 703 2382 quos
711 2333 773 2366 com—

131 2384 166 2430 nit
180 2391 221 2430 aut
232 2381 342 2444 litigator,
356 2383 398 2446 qui
411 2383 514 2446 confugit
526 2383 557 2430 ed
570 2392 702 2447 patronum,
734 2384 774 2431 uit

92 2399 135 2500 iii
146 2449 195 2512 ipse
206 2461 252 2495 non
264 2447 364 2503 sufficit3
382 2455 423 2494 eut
433 2448 516 2512 aliquis
528 2463 557 2495 ex
567 2464 594 2496 eo
609 2463 692 2512 genere
733 2464 774 2496 vo·

98 2524 213 2572 catorum,
225 2511 267 2575 qui
281 2526 305 2559 se
315 2526 362 2559 non
372 2527 440 2575 posse
451 2527 519 2574 egere
531 2513 677 2572 confitentur,
688 2513 772 2562 deinde

95 2578 188 2628 fuciunt
197 2577 230 2636 id,
242 2575 306 2640 quod
316 2584 351 2624 est
361 2575 387 2622 in
396 2577 487 2640 agendo
494 2577 666 2626 diffieillimum.
698 2578 774 2633 Nam,

98 2643 141 2707 qui
153 2641 264 2704 iudicate,
276 2640 334 2705 quid
348 2642 480 2703 dicendum
495 2642 553 2706 quid
567 2643 772 2700 autonomiam,
