1858 2946
146 106 192 154 too
276 102 403 152 INSTIT.
421 100 576 152 ORATOR.
592 99 639 148 IX.
654 101 681 148 4.

143 235 178 284 Et
191 233 280 281 metrici
297 231 391 296 quidem
408 229 479 293 pedes
496 229 553 278 edeo
565 229 713 292 reperiunw
727 229 754 278 in
770 246 823 280 om·

144 299 214 356 tione,
233 305 260 344 ut
277 297 302 344 in
319 297 346 344 ed
366 295 496 358 frequenter
513 309 561 342 non
579 292 733 342 sentientibus
752 297 822 344 nobis

143 362 249 410 omnium
260 375 370 423 generum
381 358 488 406 excidant
498 373 588 415 rersus;
599 365 686 414 contra,
697 358 760 406 nihil
773 358 822 420 [est

143 427 211 490 prosi
221 425 341 488 scriptum,
353 423 427 486 quod]
444 437 491 468 non
501 421 574 484 redigi
586 422 658 484 possit
673 421 697 468 in
709 425 821 486 quedam

144 489 306 538 versiculorum
322 502 413 550 genere,
430 485 467 532 vel
481 485 506 531 in
521 488 631 533 membre.
655 485 702 534 Sed
718 487 744 534 in
762 488 822 535 adeo

143 553 251 602 molestos
261 553 384 600 incidimus
393 550 563 612 grammaticos,
575 565 646 613 quem
660 549 767 611 fuerunt,
780 551 822 615 qui

143 617 267 681 lyrimrum
292 616 398 679 quaedam
424 613 526 661 carmine
552 615 577 661 in
598 614 672 661 varias
696 629 822 663 menemus

144 684 275 746 coegerunt.
302 681 338 728 At
357 679 436 726 Cicero
454 677 638 741 frequentissime
658 675 724 733 dicit,
743 689 821 728 totum

144 745 188 794 hoc
198 755 300 794 constare
310 745 432 799 nouerim
449 742 546 805 ideoque
556 741 732 803 reprehenditur
742 759 757 790 a
766 744 821 807 qui·

143 810 250 868 busdam,
267 818 388 870 tamquam
403 807 528 854 orationem
546 805 576 854 ed
592 807 715 866 rhythmos
731 807 820 870 alliget

145 875 209 922 Nam
221 881 275 920 eunt
285 871 376 918 numeri
387 872 502 931 rhythmi,
515 877 542 916 ut
552 878 575 918 et
585 869 634 934 ipse
644 870 776 932 constituit,
788 879 819 932 et,

143 938 216 986 secuti
226 952 288 996 eum,
297 934 419 998 Virgilius,
431 949 485 982 cum
496 933 560 994 dide,

193 1067 268 1083 .....
280 1034 403 1080 Numeros
414 1033 519 1092 utemini,
531 1033 553 1078 si
564 1034 633 1080 verta
644 1039 749 1081 tenerem
754 1051 764 1092 ,-

143 1139 168 1180 et
179 1129 299 1189 Horatius,

193 1255 264 1274 .....
279 1220 529 1284 Numeriequesertur
540 1221 606 1282 Lege
615 1207 708 1268 solutis.

144 1319 264 1370 Invadunt
282 1334 336 1382 ergo
357 1318 417 1366 huno
433 1317 493 1365 inter
510 1325 601 1365 ceteras
621 1332 712 1377 vocem,
732 1319 822 1381 Neque

143 1386 207 1434 euim
215 1383 490 1445 Demostheutesulmiuo
500 1387 620 1443 tantopere
631 1383 756 1431 vibrarent
767 1386 820 1444 itta,

142 1449 193 1496 oiri
203 1449 308 1495 numeris
318 1453 422 1494 contorta
426 1447 560 1508 ferrentur.
580 1445 610 1492 In
621 1461 669 1510 quo
680 1446 758 1495 sihor
768 1463 822 1495 sen.

143 1512 215 1560 timus
231 1513 349 1573 rhythmis
365 1517 477 1566 contorta,
493 1507 616 1557 dissentio:
636 1525 693 1558 nem
708 1513 821 1573 rhythmi

143 1577 182 1640 (ut
192 1576 252 1634 dixi)
266 1591 341 1640 neque
355 1575 426 1622 finem
440 1574 526 1622 habent
540 1581 637 1631 eertum,
652 1589 695 1622 nec
705 1575 782 1623 ullum
793 1577 820 1625 in

143 1650 252 1690 oontextu
265 1641 411 1695 vadentem
432 1639 480 1696 sed,
494 1638 542 1702 qui
556 1647 673 1700 oeperunt
687 1641 821 1689 sublatione

81 1733 85 1744 ·
143 1706 300 1770 adpositione,
315 1705 344 1752 ud
357 1704 428 1751 finem
441 1719 515 1766 usque
528 1702 652 1750 decurrunt
659 1721 666 1763 ς
685 1706 761 1752 oratio
771 1719 821 1754 non

142 1769 259 1818 deseendit
271 1769 301 1816 ud
313 1768 434 1831 strepitum
450 1767 591 1830 digitorum,
609 1767 640 1814 Id
656 1767 721 1831 quod
738 1769 822 1818 Cioero
916 1799 917 1808 κ

143 1833 231 1894 optime
247 1832 317 1890 videt,
333 1848 360 1880 ac
376 1840 471 1879 testatur
486 1832 625 1894 frequenter,
642 1846 675 1892 ee,
691 1833 758 1895 quod
773 1849 821 1880 nu.

143 1910 259 1942 mausum
271 1895 309 1954 sit,
321 1911 434 1958 quaerere;
445 1904 473 1942 ut
482 1895 557 1957 magis
568 1909 615 1942 non
627 1898 745 1957 αρρυθμον,
755 1896 822 1961 quod

144 1967 203 2006 esset
213 1958 320 2006 inscitum
330 1968 400 2022 etque
410 1967 506 2022 agreste,
515 1975 585 2022 quern
596 1959 745 2023 rhythmum,
754 1960 823 2024 quod

143 2023 259 2086 poeticum
271 2031 312 2080 est,
325 2038 373 2071 esse
383 2022 569 2085 oompositionem
581 2024 651 2081 velit3
665 2022 725 2072 siem
736 2025 820 2086 etium,

142 2103 201 2152 quos
211 2087 346 2152 palestrites
359 2102 408 2135 esse
419 2087 537 2146 nolumus,
551 2097 629 2134 temen
641 2101 689 2135 esse
705 2089 821 2138 nolumus

140 2168 190 2212 eos,
201 2153 241 2218 qui
252 2151 360 2200 dicuntur
372 2160 528 2210 απαλαιστροι.
553 2151 642 2198 Verum
653 2167 689 2208 ee,
700 2167 756 2215 quae
766 2153 819 2201 effi·

143 2217 203 2266 eitur
220 2233 249 2264 ex
265 2216 371 2280 pedibus,
389 2230 456 2277 equa
473 2214 597 2275 conclusio,
616 2229 701 2263 nomen
719 2217 819 2281 eliqwl

140 2280 260 2328 desiderat.
281 2280 347 2339 Quid
357 2281 386 2327 sit
396 2277 466 2340 igitur
476 2279 561 2340 potius,
573 2294 645 2342 quem
656 2295 781 2339 numeni,
793 2290 820 2330 et

142 2345 253 2392 oratorius
268 2359 386 2400 numerus,
402 2351 428 2388 ut
442 2341 590 2403 enthymema
604 2341 729 2392 rhetoricus
744 2345 821 2408 syllo-

141 2407 250 2467 gismus?
272 2407 325 2467 Ego
340 2414 408 2464 certe,
425 2420 455 2452 ne
467 2405 492 2450 in
505 2405 646 2453 calumniam
662 2406 754 2464 eedem,
769 2409 822 2471 qus

142 2482 173 2514 ne
187 2467 224 2514 Μ.
239 2467 332 2530 quidem
347 2467 442 2514 Tullius
456 2467 536 2528 carun,
551 2484 620 2535 poseo
635 2469 679 2517 hoc
694 2471 764 2529 mihi,
781 2481 822 2531 ut,

141 2543 206 2585 eum,
218 2545 259 2590 pro
267 2531 400 2592 composito,
409 2530 487 2577 dixero
498 2546 633 2594 numerum,
644 2541 668 2580 et
677 2533 824 2599 ubicumque

144 2592 191 2648 ium
201 2591 259 2652 dixi,
271 2595 401 2640 oratorium
412 2591 486 2644 dicere
496 2591 617 2658 intelligar.
637 2597 766 2647 Collocatto
777 2613 825 2647 gu.
