1858 2946
247 106 375 158 INSTIT·
392 104 546 156 ORATOR.
563 105 610 156 IX.
627 105 650 154 t
735 103 781 152 151

121 235 274 288 memoriis
281 236 394 300 uepidere
402 251 448 284 non
460 234 557 293 dedunt,
567 233 674 283 ridentur.
691 233 726 282 lit
735 247 788 280 orn·

122 303 155 352 tio
168 303 253 350 hebent
264 309 350 348 rectem
364 299 490 364 quemdem
503 300 567 347 velut
580 297 678 357 furiem
695 313 747 361 quer
759 305 787 344 ut

121 377 213 428 stupere
225 364 339 413 immobili
352 365 425 428 rigore
442 379 489 411 non
505 363 604 421 debebit,
617 365 650 411 its
664 363 748 425 sepius
761 361 786 408 in

121 431 159 488 eb,
171 444 242 493 quem
250 437 331 476 natura
341 429 412 488 dedit,
424 429 498 492 specie
506 425 641 475 continenda
651 437 691 476 est.
709 426 788 475 Sden-

122 494 182 542 dum
192 508 245 541 vero
257 493 379 554 imprimis,
394 493 451 556 quid
463 492 561 556 quisque
574 492 598 538 in
613 491 698 540 orendo
708 499 788 554 postu-

123 558 157 606 let
168 559 237 616 nens,
251 557 308 620 quid
318 573 427 620 perronio,
439 555 495 619 quid
507 563 604 617 tempus.
637 556 716 616 lllsjor
725 555 788 602 enim

123 637 178 686 pers
186 621 267 669 hurum
276 621 402 683 figurarum
413 621 487 683 posite
495 620 560 668 estin
569 619 723 667 delectatione-
740 618 789 666 Ubi

123 701 177 735 vero
184 686 308 744 atrocitate,
319 685 415 744 invidit,
427 683 579 742 miseratione,
604 683 739 746 ugnundum
746 689 788 742 eet,

124 750 177 825 quis
188 749 246 798 ieret
253 749 419 811 contrapositis,
431 757 453 796 tt
461 749 545 810 pariter
595 748 694 804 entibus,
705 754 729 793 et
736 760 789 793 oon·

89 847 91 852 -
122 813 239 862 similibus
246 813 388 872 irascentem,
398 813 499 872 flentem,
510 814 648 874 rogantem?
660 810 746 858 cumin
754 809 790 856 bis

123 880 193 926 rebus
208 891 263 924 curs
277 879 397 924 verborum
413 877 505 939 deroget
520 875 638 924 effectibus
653 875 740 930 iidemt
757 882 789 932 et,

124 941 267 1003 ubicumque
276 955 313 990 ers
323 949 456 1000 ostenmm,
467 940 549 988 veritas
559 942 636 988 obesse
645 939 758 989 videnum

369 1068 484 1116 CAPUT
501 1068 547 1116 IV.

158 1199 197 1248 De
204 1201 367 1261 compositione
374 1212 420 1245 non
429 1198 544 1262 equidem,
556 1204 608 1262 post
615 1196 724 1245 Marcum
731 1195 792 1243 Tul·

124 1263 193 1324 lium,
202 1263 414 1312 soribereeuderem
422 1263 472 1326 (cui
482 1262 594 1311 nescioun
603 1263 651 1310 ulls
717 1259 792 1324 operis

125 1328 196 1391 hujus
213 1328 243 1376 sit
258 1328 333 1390 megin
349 1326 484 1388 deborete),
502 1326 547 1374 nisi
562 1336 585 1376 et
601 1328 638 1388 eju
666 1341 703 1374 em
718 1323 791 1373 etatis

125 1391 239 1452 homines,
253 1391 341 1453 scriptis
355 1391 386 1438 sd
398 1387 476 1456 ipsu'm
490 1387 559 1440 etiem
574 1391 652 1450 literis,
669 1389 791 1454 reprehen-

126 1456 181 1504 dere
192 1455 217 1502 id
232 1455 356 1503 collocandi
370 1471 443 1518 mnus
457 1456 507 1504 suri
521 1455 625 1512 fuissent,
639 1463 661 1502 et
673 1463 725 1518 post
737 1467 791 1500 eum

127 1521 205 1584 plures
217 1520 292 1566 multe
304 1520 334 1566 ed
348 1519 452 1568 eamdem
465 1535 514 1567 rem
528 1519 663 1582 pertinentia
676 1517 792 1564 memorie

127 1583 282 1632 tradidissent.
303 1583 386 1646 Itaque
395 1585 501 1631 scoedem
512 1584 537 1630 in
547 1583 661 1646 plerisque
672 1580 791 1636 Ciceroni;

126 1657 198 1712 stqtm
213 1649 238 1694 in
253 1647 281 1695 iis
294 1661 340 1707 ero,
357 1663 410 1710 quae
423 1648 552 1694 indubitata
566 1655 629 1704 sunt,
646 1645 751 1692 brenen
768 1643 793 1690 in

81 1710 84 1714 ’
127 1712 267 1777 quibusdem
277 1712 374 1776 paulum
382 1712 475 1760 sortasse
482 1710 621 1759 dissmdsm.
639 1709 711 1768 Nem,
724 1707 793 1755 etism

127 1793 182 1825 eum
191 1777 305 1838 iudicium
315 1791 395 1824 meum
406 1775 531 1834 ostendero,
547 1787 615 1823 suum
626 1781 703 1821 tamen
716 1773 793 1836 legen·

127 1842 191 1890 tibus
200 1841 336 1904 relinquam.
370 1842 454 1904 Neque
466 1840 547 1902 ignom
557 1837 669 1902 quosdam
680 1853 737 1895 esse,
752 1837 794 1900 qui

128 1920 208 1953 curam
218 1920 311 1954 omnem
322 1905 495 1966 conmunionis
504 1903 635 1963 excludent,
647 1911 717 1966 etque
726 1901 795 1948 illum

127 1969 246 2017 horridum
257 1984 393 2028 sermonem,
404 1978 432 2016 ut
441 1969 499 2017 forte
510 1967 631 2026 effluxerit,
642 1967 711 2014 modo
721 1965 796 2028 magis

129 2035 271 2092 naturalem,
284 2033 433 2081 modoetiam
443 2033 517 2096 magis
528 2035 631 2090 uirilem,
645 2046 693 2079 esse
702 2040 796 2078 conteu-

129 2096 193 2144 dent.
227 2098 276 2157 Qui
286 2098 307 2145 si
316 2098 341 2146 id
351 2098 446 2144 demum
457 2099 564 2145 nationale
574 2113 622 2144 esse
632 2095 721 2152 dicunt,
732 2092 796 2156 quod

130 2162 240 2209 surturi
254 2162 357 2226 primum
373 2170 450 2210 ortum
466 2170 508 2219 est,
524 2171 548 2209 et
560 2161 629 2224 quale
641 2168 694 2206 ente
706 2159 796 2206 cultum

130 2226 184 2286 fuit,
199 2235 247 2274 tote
256 2227 306 2274 haec
316 2227 442 2274 ersorendi
454 2228 604 2274 subvertetur.
638 2225 721 2286 Neque
734 2221 795 2268 enim

130 2291 202 2339 locuti
218 2299 271 2339 sunt
287 2291 317 2338 sd
332 2291 391 2338 beno
406 2291 511 2354 regulum
528 2297 551 2336 et
567 2287 710 2350 diligentiam
725 2285 796 2358 primi

129 2355 251 2412 hominest
268 2369 311 2404 nec
324 2355 438 2418 prooemiis
448 2369 595 2416 preparare,
613 2353 692 2400 docere
707 2350 797 2413 exposi-
813 2359 820 2372 ‘

130 2419 202 2478 tione,
221 2420 362 2483 argumentis
379 2421 488 2482 probare,
511 2417 629 2466 effectibus
646 2429 795 2472 oomneovere,

131 2485 238 2532 scierunt.
261 2485 325 2547 Ergo
335 2483 372 2532 his
382 2483 498 2540 omnibus,
510 2497 556 2530 non
568 2482 617 2529 sold
625 2479 796 2544 compositione,

132 2555 270 2596 center-unte
285 2563 385 2612 quorum
399 2548 419 2596 si
435 2547 483 2595 fieri
496 2546 554 2594 nihil
569 2546 651 2594 melius
665 2545 755 2600 licebat,
767 2555 797 2586 ne

130 2612 239 2662 donibus
245 2613 340 2678 quidem
348 2627 419 2674 mes,
426 2619 467 2660 eut
474 2611 575 2661 vestibus
581 2609 679 2674 pellium
685 2605 796 2669 tegmine,
