1856 2948
225 119 355 176 nusum.
369 123 528 176 ORATOR·
544 123 579 176 X·
595 125 622 182 7·
710 125 761 183 217

86 269 145 306 tum
161 271 222 320 saepe
235 255 306 304 etiam
318 255 407 320 scriptia
420 271 456 314 ea,
469 271 523 320 quae
536 255 614 304 subito
627 261 683 303 nata
695 264 760 318 sunt,

89 321 226 370 inserantur.
262 320 365 385 Ideoque
373 322 500 369 totumhoc
508 320 676 369 exercitationis
687 335 761 384 genna

89 385 124 433 ita
133 385 302 434 instituendum
313 395 355 444 est,
366 395 425 434 utet
436 385 525 448 digredi
533 401 562 434 ex
573 401 609 445 eo,
618 394 641 433 et
651 385 725 434 redire
735 386 761 434 in

90 449 124 509 id,
130 451 196 498 facile
202 450 324 514 possimus
333 451 357 498 N
359 466 406 511 am,
414 459 441 498 nt
447 450 551 514 primum
557 459 599 510 cst,
604 450 674 498 domo
680 451 761 499 afferre

89 523 196 578 paratim
204 515 294 563 dicendi
301 516 399 579 copiam,
409 525 432 564 et
439 527 538 572 certamt
556 515 589 562 ita
595 515 695 564 raiumm
703 525 761 564 tem·

63 582 66 588 ’
90 579 154 643 poris
165 595 262 628 munera
271 580 340 644 longe
351 580 513 628 stultissimum
524 588 565 627 eet.

125 643 204 704 Quare
214 647 326 708 cogitatio
336 646 361 692 in
371 645 416 692 hoc
425 653 575 708 preparetur,
584 652 611 692 ut
618 659 660 693 noa
668 643 762 694 fortuna

90 708 194 774 decipere
204 725 251 758 non
262 709 343 774 possit,
356 709 465 770 adjuvare
475 709 553 773 possit.
587 709 618 756 Id
630 718 709 757 autem
720 711 761 758 flet

89 775 209 823 memoriae
214 774 311 833 viribus,
317 773 457 848 utillaqua
463 773 578 837 complexi
584 773 663 822 animo
669 789 760 834 sumus,

90 839 166 886 fluant
178 855 263 894 wenna,
281 837 334 902 [ne]
349 839 457 886 sollium
472 848 495 887 ct
508 837 662 900 respicientes,
676 849 700 887 ct
712 839 761 887 uni

90 917 133 967 spe
149 917 270 966 suspensos
285 903 454 963 recordationis,
468 918 515 951 non
532 903 610 951 sinant
625 903 759 966 provideret

90 967 181 1031 alioqui
194 968 231 1016 vel
244 970 422 1030 extemporalem
437 967 588 1016 temeritatem
603 967 674 1026 malo,
689 983 761 1032 quam

90 1033 155 1080 male
167 1032 317 1080 cohaerentem
331 1033 500 1096 cogitationem.
534 1033 605 1093 Pejus
620 1033 682 1080 enim
696 1049 762 1097 qua·

90 1095 151 1144 ritur
164 1107 283 1156 retrorsus,
295 1099 358 1161 quia,
370 1113 423 1146 cum
435 1097 477 1145 illa
491 1095 655 1156 desideramus,
666 1099 697 1144 ab
710 1097 761 1146 aliia

87 1161 233 1218 avertimurt
252 1171 275 1210 et
287 1178 317 1210 ex
328 1160 441 1210 memorii
453 1162 530 1226 potius
543 1161 677 1224 repetimus,
689 1177 762 1225 quam

91 1241 122 1275 ex
135 1227 238 1275 mater-ii.
273 1227 346 1275 Plura
358 1235 413 1276 aunt
425 1235 512 1286 autam,
525 1225 545 1274 ai
557 1235 683 1290 utrumque
695 1243 764 1290 quae-

91 1291 191 1339 rentium
208 1300 251 1353 eat,
268 1307 321 1356 qua
331 1291 429 1340 inveniri
444 1299 550 1355 possunt,
567 1305 639 1356 quam
655 1307 708 1355 quae
724 1291 763 1338 in·

92 1363 162 1404 venta
172 1365 234 1405 aunt.

331 1485 447 1538 cAPUt·
463 1486 526 1536 VII.

128 1613 252 1666 Maximus
269 1631 322 1666 vero
343 1617 472 1668 studiorum
491 1617 580 1666 stactus
599 1625 640 1676 eat,
658 1625 681 1666 et
698 1619 763 1667 velut

89 1682 218 1748 praemium
232 1681 349 1746 quoddam
362 1682 534 1748 amplissimum
548 1683 612 1745 longi
625 1682 718 1738 laboris,
733 1697 763 1730 oc

92 1757 198 1810 tempore
206 1749 298 1796 dicendi
297 1749 424 1861 K{ucaltou
442 1762 514 1810 quam
522 1747 564 1810 qui
574 1761 621 1796 non
629 1748 672 1795 erit
682 1761 763 1796 conse·

92 1821 170 1872 cutus,
186 1813 240 1861 mci
256 1813 297 1878 qui
313 1829 351 1861 cm
370 1812 491 1872 sententiis,
508 1811 614 1861 civilibus
630 1813 710 1860 officiis
727 1827 763 1862 re-

92 1878 219 1938 nuntiabit,
238 1886 261 1926 et
278 1879 351 1926 solam
369 1877 482 1926 scribendi
494 1876 629 1926 facultatem
642 1878 719 1942 potius
732 1877 763 1926 ad

92 1941 141 1990 alia
157 1957 226 2006 opera
243 1949 365 1991 convmtct
409 1941 459 1990 Vix
477 1941 539 1990 cuim
558 1943 626 1990 bona
642 1943 697 1991 fidei
714 1943 764 1991 viro

92 2007 201 2055 convenit
216 2007 331 2055 auxilium
348 2007 373 2054 in
392 2006 513 2070 publicum
530 2007 641 2069 polliceri,
659 2007 723 2070 quod
738 2008 764 2054 in

91 2071 276 2134 prasentiasimia
285 2072 416 2136 quibusque
423 2071 531 2134 periculis
539 2071 613 2129 desitt
631 2072 765 2120 utindicare

92 2143 198 2200 portum,
210 2136 240 2184 ad
250 2151 321 2202 quem
331 2137 396 2185 navis
407 2136 520 2195 accedere,
532 2135 577 2184 nisi
587 2137 678 2184 lenibus
689 2136 764 2184 vanna

93 2208 169 2258 vecta,
180 2215 227 2249 non
237 2201 323 2266 pascite
341 2201 456 2266 siquidem
466 2201 647 2249 innumerabiles
658 2200 766 2258 accidunt

94 2265 179 2314 subita
190 2266 341 2326 necessitates,
350 2267 386 2314 vel
397 2265 460 2330 apud
467 2265 624 2328 magistratus,
636 2265 673 2313 vel
681 2279 766 2328 repra·

92 2331 191 2379 tenutia
199 2331 300 2392 judiciis,
312 2331 421 2379 mntinuo
434 2329 525 2394 agendi.
558 2329 666 2388 Quarum
678 2329 697 2377 si
708 2345 765 2394 qua,

94 2411 142 2443 non
157 2395 208 2443 dico
220 2395 358 2459 micumque
370 2395 527 2444 innocentium
541 2393 637 2455 civium,
653 2393 693 2443 sed
706 2395 766 2442 ami·

94 2475 177 2508 eorum
196 2475 223 2508 ac
245 2461 430 2525 propinquorum
451 2459 522 2508 alicui
540 2461 648 2519 evenerit,
667 2460 766 2508 stabitne

94 2534 185 2584 mutus,
203 2531 226 2573 et
245 2526 369 2574 salutamm
386 2523 520 2590 petentibus
535 2535 624 2584 accen,
640 2523 727 2582 suum,
745 2523 766 2570 si

94 2603 143 2637 non
156 2599 310 2652 succurratur,
365 2589 371 2602 ’
400 2590 440 2648 rie,
451 2603 527 2637 moras
540 2597 564 2636 et
574 2603 687 2637 secatam
700 2597 723 2634 et
735 2588 767 2633 si-

94 2653 194 2702 lentium
207 2663 303 2718 quaeret,
331 2669 373 2704 um
385 2654 427 2702 illa
440 2655 509 2704 verba
521 2653 669 2708 fabricentur,
681 2661 705 2704 et
719 2661 769 2698 mc·

129 2731 194 2766 von.
207 2731 240 2766 rr.
628 2751 631 2758 .
651 2729 670 2763 tt
