1858 2946
151 91 197 138 166
280 86 408 138 INSTIT.
425 83 580 135 ORATOR.
598 84 643 132 IX.
660 84 684 131 l.

147 217 209 265 inter
224 216 273 264 brec
283 215 409 278 pessimum
420 213 530 278 estquis
540 213 565 260 iu
575 228 600 262 re
614 213 673 260 tristi
682 212 747 260 ludit
757 229 825 264 oum.

148 281 238 345 positio.
264 281 332 392 sc?
339 287 417 354 tamen
428 286 461 360 eft
471 278 593 326 vehemens
603 277 687 352 aliquis
702 281 825 356 oenmsin

148 347 232 393 verbor
244 361 276 408 qu
315 359 334 390 u
342 358 366 390 m
373 343 451 390 media
458 351 523 405 parte
531 351 647 390 sententia
654 343 719 396 latet,
728 351 825 392 transm

148 409 283 466 intentione,
294 417 317 455 et
329 407 444 455 obscurari
460 406 683 467 circumjacentibus,
700 406 777 464 soiet3
798 409 825 456 in

147 473 252 520 clausulis
267 473 366 536 positum
384 471 513 533 assignant
529 470 636 528 auditori,
658 479 682 518 et
696 470 822 534 infigitur3

148 537 216 600 quale
234 545 268 584 est
283 536 342 584 illud
360 535 484 592 Ciceronis,
505 537 539 583 Ut
554 535 597 582 tibi
613 549 702 582 necesse
718 544 780 584 essct
797 539 824 584 in

148 681 186 778 heic
196 739 230 777 est
241 730 306 794 quasi
316 699 403 786 muhro,
415 737 442 774 ut
449 743 489 790 per
497 743 521 775 se
531 727 597 774 foedae
605 728 713 774 vomendi
722 730 823 777 necessi.

147 795 199 852 tati,
208 796 259 856 jam
267 793 325 840 nibil
335 794 396 839 ultra
406 791 599 853 exspectantibus,
605 791 666 838 hanc
676 807 773 856 quoque
780 794 822 842 ad.

146 859 226 919 jiceret
234 857 410 914 deformitatem,
424 865 451 903 ut
461 856 526 903 cibus
534 855 605 903 teneri
618 871 665 902 non
677 866 757 918 pomer
763 874 822 920 pos.
912 857 913 874 ¹

148 924 227 970 tridlc.
251 921 344 969 Solebat
353 920 413 968 Afer
422 919 541 967 Domitius
551 919 653 980 trajicere
665 920 691 966 in
702 921 821 972 clausulae
887 926 890 936 '

147 988 217 1033 verba
237 993 328 1032 tantum
350 984 481 1046 asperandae
502 983 671 1047 compositionis
689 986 773 1047 gratii,
797 997 821 1036 et

147 1050 249 1098 maxime
264 1049 288 1096 in
306 1049 434 1114 prosemiis:
453 1057 489 1107 ut,
507 1063 549 1110 pro
564 1047 698 1108 Cloantilli,
717 1052 821 1099 Grotius
913 1085 914 1092 κ

146 1128 217 1174 ugom
229 1117 352 1162 continuo:
364 1121 394 1172 et,
406 1128 448 1174 pro
459 1112 541 1172 ltalia,
553 1114 599 1159 Ele
608 1115 714 1174 atriaque
722 1118 789 1176 apud
797 1124 821 1164 te
913 1161 914 1166 ,

141 1180 248 1240 Jedlccm
260 1181 412 1240 periclitatur
426 1179 509 1225 Loello.
535 1176 605 1224 Adeo
615 1177 701 1239 refugit
713 1186 819 1228 tenerm
913 1215 914 1226 ,

148 1241 313 1306 delicatamque
323 1242 458 1290 modulandi
469 1242 620 1303 voluptatem,
635 1249 662 1288 ut
672 1245 819 1292 currentibus
913 1235 914 1290 ἶ

146 1307 336 1368 persenumeris,
347 1322 394 1369 quo
404 1321 442 1354 eos
449 1307 570 1365 inhiberet,
580 1305 695 1367 objiceret
711 1307 819 1371 Amphi·
913 1329 914 1334 ¹

146 1370 232 1418 boliam
241 1387 331 1434 quoque
339 1371 388 1418 fieri
396 1370 477 1418 vitiosi
486 1370 598 1418 locatione
606 1371 738 1430 verborum,
748 1386 818 1420 nemo

147 1435 233 1497 estqui
244 1435 334 1482 nesciat.
355 1435 413 1482 Haec
424 1434 528 1494 arbitror,
540 1435 601 1481 utin
612 1433 685 1492 brevi,
696 1434 725 1482 de
736 1435 818 1484 ordine
913 1443 914 1448 ’

108 1517 110 1521 ·
145 1496 217 1546 fuisse
225 1499 331 1547 dicendae
343 1500 384 1574 qui
392 1499 412 1546 si
420 1499 513 1546 vitiosus
519 1507 560 1558 est,
569 1498 623 1546 licet
628 1506 651 1546 et
657 1499 740 1559 juncta
747 1501 786 1560 sit,
794 1509 819 1549 et

146 1570 200 1625 apte
210 1563 292 1611 cadens
300 1573 379 1621 omno,
387 1572 464 1610 tamen
470 1564 552 1610 merito
559 1563 712 1624 incomposita
718 1563 816 1612 dicatur.

171 1628 197 1676 ·J
199 1637 295 1676 unctura
303 1628 413 1692 sequitur.
429 1628 467 1675 Ea
475 1627 540 1674 estin
549 1629 634 1688 uerbis,
642 1630 733 1687 incisis,
742 1645 817 1676 num-

146 1691 203 1748 bris,
217 1695 329 1754 periodis.
363 1691 450 1740 Omnia
465 1707 566 1755 natnque
582 1693 626 1739 ista
640 1700 664 1739 et
679 1692 777 1741 virtutes
792 1702 817 1742 et

146 1755 202 1802 vitia
210 1758 234 1803 in
241 1757 362 1819 complexu
368 1757 460 1804 habent
477 1757 567 1820 Atque,
575 1764 603 1804 ut
610 1757 714 1803 ordinem
723 1773 817 1820 sequar,

145 1819 257 1880 primum,
271 1836 324 1882 qua
336 1821 447 1883 imperitis
462 1835 554 1884 quoque
570 1820 599 1867 ad
615 1820 818 1883 reprehensionem

146 1883 257 1930 notabilia
269 1883 382 1944 videntur,
400 1884 479 1943 idest,
495 1901 556 1948 quae,
573 1885 701 1933 commissis
716 1886 778 1934 inter
791 1902 818 1936 se

145 1945 220 1993 verbis
231 1947 329 2004 duobus,
341 1963 370 1996 ex
381 1949 464 1996 ultimi
474 1949 564 2011 prioris,
575 1965 601 1997 ac
611 1948 688 2012 primi
698 1951 818 2014 sequentis

146 2009 244 2072 syllaba,
255 2011 357 2060 deionne
367 2013 461 2076 aliquod
470 2029 554 2060 nomen
565 2013 673 2062 efficiunt.
696 2014 764 2062 Tum
775 2032 817 2064 vo·

145 2073 231 2123 calium
248 2091 383 2134 concursus;
400 2078 442 2140 qui
457 2093 512 2139 cum
524 2077 613 2137 accidit,
627 2077 686 2135 hiat,
704 2086 728 2126 et
743 2078 817 2128 inter-

144 2137 211 2198 sistit,
227 2151 250 2190 et
262 2142 326 2206 quasi
341 2142 429 2189 laborat
441 2142 519 2189 oratio.
543 2142 647 2190 Pessime
660 2142 745 2204 longa,
762 2160 818 2207 qum

145 2204 236 2253 easdem
246 2207 306 2254 inter
315 2222 340 2254 se
348 2206 425 2254 literas
435 2206 590 2266 committunt,
602 2208 724 2254 sonabunt
750 2208 818 2256 Pra-

144 2267 226 2330 cipuus
235 2279 311 2318 tamen
318 2271 359 2319 erit
370 2271 446 2319 hiatus
457 2285 545 2326 earum,
553 2287 605 2333 quae
615 2285 671 2317 cavo
681 2279 724 2318 aut
733 2273 817 2332 petitio

144 2333 247 2381 marimo
262 2351 300 2382 ore
316 2336 447 2382 efferuntur.
475 2337 499 2380 Ε
511 2334 599 2396 plenior
609 2334 675 2382 litera
685 2343 727 2395 est,
742 2339 762 2384 Ι
773 2352 818 2384 an-

144 2395 248 2454 gustior3
267 2397 363 2460 ideoque
379 2397 498 2445 obscurius
514 2397 538 2443 in
555 2398 592 2444 his
606 2397 697 2446 vitium.
731 2399 817 2449 Minus

144 2459 255 2516 peccabit,
273 2461 314 2521 qui
327 2461 401 2522 longis
415 2463 494 2507 breves
508 2461 620 2521 subjiciet,
635 2471 658 2510 et
672 2463 758 2522 adhuc,
773 2465 816 2528 qui

144 2530 261 2580 proponet
271 2522 347 2584 longa
356 2525 456 2570 brevem.
468 2523 571 2572 Minima
581 2525 650 2582 estin
660 2526 752 2574 duabus
762 2530 817 2576 bre-

143 2579 211 2654 vibus
221 2583 322 2630 offensio.
344 2585 434 2648 Atque,
444 2601 499 2634 cum
509 2587 561 2636 alise
570 2591 745 2651 subjunguntur
753 2591 817 2650 aliis,

143 2645 238 2703 perinde
251 2647 374 2713 asperiores
387 2657 462 2708 munt,
475 2658 545 2712 prout
554 2652 600 2700 oris
614 2652 681 2701 hiatu
691 2653 764 2702 simili
775 2665 817 2704 aut
