1808 2938
154 163 156 166 .
206 119 335 170 msrltt
352 119 509 169 ORATOR.
525 118 590 168 XII.
607 117 634 168 90¹
713 117 764 170 tot

88 249 193 315 optimus
206 257 241 298 est
254 250 279 298 in
292 249 398 298 dimendo
411 256 522 314 patronus
534 247 675 298 incredulus.
706 246 764 296 Pro-

88 314 164 364 mittit
176 314 238 363 enim
250 313 351 378 litigator
365 314 452 372 omnia,
465 323 546 363 testem
560 312 684 378 populum,
696 327 764 374 pars-
823 357 826 362 .

88 379 190 428 tissimas
202 379 390 442 consignationes,
405 379 483 443 ipsum
496 379 594 442 denique
608 375 763 424 adversarium

89 443 198 506 quadam
208 457 255 490 uon
266 452 410 506 negaturum.
444 443 546 506 Ideoque
560 457 619 505 opus
633 450 668 489 est
680 440 765 488 intueri

89 521 161 555 omne
170 507 216 555 litis
226 508 420 556 instrumentumr
438 508 500 570 quod
508 507 584 555 videre
594 515 682 554 nonest
692 505 762 562 satis3

89 571 257 635 perlegendum
264 571 315 619 erit.
345 573 410 620 Nam
418 571 600 635 frequentissime
607 579 648 618 aut
655 585 701 618 non
710 578 765 617 suut

11 643 15 672 l
88 636 195 696 omnino,
207 653 260 700 quae
272 636 472 700 promittebantur,
485 645 526 684 sut
540 636 617 683 minus
629 635 762 690 continent3

11 707 16 738 ⁵
89 709 135 748 aut
151 715 205 748 cum
221 701 267 748 alio
283 701 361 764 aliquo
378 701 483 752 nocituro
497 700 614 764 permixta
630 708 699 756 suntr
723 709 765 746 aut

11 751 16 804 i
89 763 237 824 nimiarum,
252 773 274 812 et
286 765 356 812 fidem
368 765 412 813 hoe
425 765 475 828 ipso
489 765 625 823 detractura,
641 763 704 826 quod
716 777 763 810 non

89 827 179 877 habent
192 829 297 878 modum.
336 829 444 892 Denique
456 829 531 876 linum
544 839 648 891 ruptum,
662 836 702 874 aut
716 834 764 874 tur·

11 893 12 898 ’
89 895 172 942 batam
183 909 266 954 teram,
277 902 318 941 aut
326 893 375 941 sine
385 893 501 956 agnitione
507 894 580 956 signa,
588 892 718 956 frequenter
726 891 764 938 'ur-

11 971 15 1000 τ
90 957 184 1005 venies:
202 974 263 1021 quae,
276 957 320 1006 nisi
333 958 396 1006 domi
407 959 538 1017 excusseris,
552 957 576 1004 in
587 957 636 1004 foro
646 956 765 1019 inopinata

90 1021 223 1084 decipient3
248 1022 347 1086 plusque
365 1023 480 1070 nocebunt
495 1021 612 1081 desitum,
629 1035 700 1084 quam
716 1033 763 1068 non

90 1086 206 1150 promissa
215 1087 352 1135 nocuissent.

11 1181 13 1194 2
127 1149 207 1198 Multa
217 1151 295 1210 etiam,
311 1167 363 1215 quae
375 1151 477 1214 litigator
490 1149 548 1198 nihil
561 1149 591 1198 od
604 1165 697 1198 usuam
711 1165 765 1214 per-

11 1231 13 1260 ;
91 1213 166 1262 tinere
182 1215 308 1274 crediderit,
320 1225 430 1278 petronus
445 1223 517 1274 eruet,
534 1215 604 1263 modo
619 1230 660 1277 per
675 1229 764 1274 ornnes,

92 1295 152 1344 quos
166 1279 311 1340 tradidimus,
322 1289 509 1344 argumentorum
524 1280 585 1328 locos
598 1288 651 1336 eatr
669 1295 727 1342 quos
737 1287 765 1328 ut

91 1344 316 1408 circumspectarem
332 1345 428 1408 egendo,
443 1353 466 1392 et
480 1353 590 1393 attentare
603 1345 706 1406 singulos
718 1343 763 1390 mi·

91 1409 157 1456 nime
172 1409 285 1470 usuvenit,
296 1418 388 1473 propter
400 1425 458 1474 quas
470 1407 571 1457 diximus
584 1424 679 1465 causssr
696 1409 729 1456 ita
739 1408 765 1456 in

92 1472 201 1520 distendo
211 1473 289 1521 rimari
301 1473 452 1522 necessarium
465 1481 508 1534 eat,
522 1489 574 1536 quse
584 1489 701 1536 persono,
713 1489 766 1535 quar

92 1543 264 1602 temporo,quoe
270 1539 450 1598 loeo,inrtituto,
458 1541 765 1600 instrunwnto,eaetereque‚

93 1615 126 1648 ex
136 1601 220 1664 quibus
230 1615 276 1650 non
288 1611 378 1650 tautum
389 1603 456 1662 illud,
467 1602 530 1666 quod
541 1611 576 1650 est
586 1601 701 1650 artificiale
712 1615 766 1662 pro-

92 1666 192 1715 bationis
199 1681 282 1730 genus,
291 1667 368 1729 colligi
377 1667 455 1728 possit,
463 1667 503 1714 sed
511 1666 552 1730 qui
560 1666 678 1714 metuendi
688 1675 765 1724 testes,

92 1730 210 1794 quomodo
220 1731 265 1778 sint
273 1731 398 1779 refellendi.
431 1731 631 1794 Narnplurimum
641 1730 718 1786 refert,
729 1729 766 1776 iu-

92 1795 229 1850 vitiaretis,
244 1810 274 1844 an
291 1795 351 1854 odio,
368 1811 398 1842 an
414 1801 531 1843 contemtu
546 1795 648 1852 laboret3
666 1808 766 1858 quorum

93 1859 141 1906 fere
152 1877 205 1923 pars
215 1860 291 1924 prima
301 1859 435 1922 superiores,
446 1859 553 1923 proxima
562 1875 636 1922 pares,
645 1859 712 1906 tertia
721 1859 767 1906 hu·

94 1923 195 1971 miliorea
217 1925 293 1972 remit.
323 1924 361 1972 Sic
367 1939 460 1972 oausam
470 1933 633 1986 perscrutatus,
645 1923 767 1987 propositis

95 1994 173 2035 anteo
226 1988 355 2036 nomnibus
367 2005 420 2052 quae
430 1988 518 2052 prosint
530 1999 662 2049 nooeautve,
674 1988 765 2036 tertiam

94 2050 201 2115 deinceps
211 2067 331 2114 pomonam
341 2053 423 2100 induat
429 2053 529 2114 judicis;
546 2053 664 2116 fingatque
672 2051 734 2113 apud
743 2067 767 2098 se

37 2145 38 2148 =
94 2115 134 2178 agi
149 2131 258 2172 causamr
275 2124 305 2176 et,
318 2117 381 2180 quod
393 2117 470 2194 ipsum
483 2117 591 2165 movisset
603 2116 632 2164 de
648 2115 728 2163 eidem
743 2129 768 2162 re

94 2180 305 2242 pronuntiaturum,
316 2180 341 2228 id
351 2182 545 2244 potentissimum,
557 2180 620 2244 apud
631 2192 767 2244 quemeum-

94 2260 142 2308 que
153 2253 242 2308 agetur,
254 2245 382 2294 existimet:
400 2254 423 2295 et
431 2246 525 2296 siceum
532 2245 655 2294 rarofsllet
663 2251 769 2303 eventus,

94 2316 138 2358 aut
148 2310 217 2374 culpa
224 2309 308 2372 judicis
318 2311 368 2360 erit

343 2441 459 2491 CAPUT
475 2441 524 2490 IX.

128 2571 190 2632 Quae
201 2570 284 2620 sintin
294 2571 383 2634 agendo
397 2571 515 2632 servando,
526 2577 576 2618 toto
589 2569 636 2618 fere
650 2583 718 2632 opere
729 2581 771 2615 ex·

95 2635 169 2686 secuti
178 2651 275 2686 sumus:
292 2643 369 2701 pauoa'
376 2644 455 2686 tamen
465 2635 558 2707 propria
570 2634 643 2695 hujus
652 2633 706 2693 lori,
717 2646 772 2696 quae
