<?xml version="1.0" encoding="UTF-8"?>
<!DOCTYPE html PUBLIC "-//W3C//DTD XHTML 1.0 Transitional//EN"
    "http://www.w3.org/TR/xhtml1/DTD/xhtml1-transitional.dtd">
<html xmlns="http://www.w3.org/1999/xhtml" xml:lang="en" lang="en">
 <head>
  <title>
</title>
<meta http-equiv="Content-Type" content="text/html;charset=utf-8" />
  <meta name='ocr-system' content='tesseract 3.04.00' />
  <meta name='ocr-capabilities' content='ocr_page ocr_carea ocr_par ocr_line ocrx_word'/>
</head>
<body>
  <div class='ocr_page' id='page_1' title='image "./mfabiiquintilia00caregoog_0162.png"; bbox 0 0 1858 2946; ppageno 0'>
   <div class='ocr_carea' id='block_1_1' title="bbox 242 86 791 147">
    <p class='ocr_par' dir='ltr' id='par_1_1' title="bbox 242 86 791 147">
     <span class='ocr_line' id='line_1_1' title="bbox 242 86 791 147; baseline 0.004 -11"><span class='ocrx_word' id='word_1_1' title='bbox 242 87 373 136; x_wconf 82' lang='lat' dir='ltr'>INSTIT.</span> <span class='ocrx_word' id='word_1_2' title='bbox 390 86 553 138; x_wconf 74' lang='lat' dir='ltr'>ORATOR.</span> <span class='ocrx_word' id='word_1_3' title='bbox 570 88 617 138; x_wconf 83' lang='lat' dir='ltr'>IX.</span> <span class='ocrx_word' id='word_1_4' title='bbox 635 90 659 138; x_wconf 85' lang='lat' dir='ltr'>t.</span> <span class='ocrx_word' id='word_1_5' title='bbox 745 89 791 147; x_wconf 75' lang='lat' dir='ltr'>ltt</span> 
     </span>
    </p>
   </div>
   <div class='ocr_carea' id='block_1_2' title="bbox 114 217 790 282">
    <p class='ocr_par' dir='ltr' id='par_1_2' title="bbox 114 217 790 282">
     <span class='ocr_line' id='line_1_2' title="bbox 114 217 790 282; baseline 0.004 -16"><span class='ocrx_word' id='word_1_6' title='bbox 114 218 205 266; x_wconf 70' lang='lat' dir='ltr'>diruto</span> <span class='ocrx_word' id='word_1_7' title='bbox 215 217 432 282; x_wconf 81' lang='lat' dir='ltr'>pronuntiabuntur.</span> <span class='ocrx_word' id='word_1_8' title='bbox 457 217 514 266; x_wconf 87' lang='lat' dir='ltr'>Non</span> <span class='ocrx_word' id='word_1_9' title='bbox 525 225 603 265; x_wconf 79' lang='lat' dir='ltr'>tamen</span> <span class='ocrx_word' id='word_1_10' title='bbox 613 217 646 275; x_wconf 72' lang='lat' dir='ltr'>it,</span> <span class='ocrx_word' id='word_1_11' title='bbox 661 227 689 266; x_wconf 89' lang='lat' dir='ltr'>ut</span> <span class='ocrx_word' id='word_1_12' title='bbox 702 218 790 268; x_wconf 69' lang='lat' dir='ltr'>arinen</span> 
     </span>
    </p>
   </div>
   <div class='ocr_carea' id='block_1_3' title="bbox 14 281 788 346">
    <p class='ocr_par' dir='ltr' id='par_1_3' title="bbox 14 281 788 346">
     <span class='ocr_line' id='line_1_3' title="bbox 14 281 788 346; baseline 0.004 -17"><span class='ocrx_word' id='word_1_13' title='bbox 14 321 16 346; x_wconf 68' lang='lat' dir='ltr'>r</span> <span class='ocrx_word' id='word_1_14' title='bbox 112 283 204 345; x_wconf 76' lang='lat' dir='ltr'>ingens,</span> <span class='ocrx_word' id='word_1_15' title='bbox 272 281 463 330; x_wconf 77' lang='lat' dir='ltr'>vescendmestr</span> <span class='ocrx_word' id='word_1_16' title='bbox 478 281 788 346; x_wconf 63' lang='lat' dir='ltr'>sensuunegligentiain</span> 
     </span>
    </p>
   </div>
   <div class='ocr_carea' id='block_1_4' title="bbox 106 345 789 1503">
    <p class='ocr_par' dir='ltr' id='par_1_4' title="bbox 106 345 789 1503">
     <span class='ocr_line' id='line_1_4' title="bbox 114 345 789 408; baseline 0.003 -13"><span class='ocrx_word' id='word_1_17' title='bbox 114 346 167 403; x_wconf 80' lang='lat' dir='ltr'>hoc,</span> <span class='ocrx_word' id='word_1_18' title='bbox 179 361 210 394; x_wconf 86' lang='lat' dir='ltr'>an</span> <span class='ocrx_word' id='word_1_19' title='bbox 221 361 246 394; x_wconf 80' lang='lat' dir='ltr'>eo</span> <span class='ocrx_word' id='word_1_20' title='bbox 265 345 357 401; x_wconf 70' lang='lat' dir='ltr'>&#39;eitudu</span> <span class='ocrx_word' id='word_1_21' title='bbox 368 345 399 393; x_wconf 86' lang='lat' dir='ltr'>sit</span> <span class='ocrx_word' id='word_1_22' title='bbox 409 347 480 408; x_wconf 73' lang='lat' dir='ltr'>pejor.</span> <span class='ocrx_word' id='word_1_23' title='bbox 504 345 613 393; x_wconf 74' lang='lat' dir='ltr'><strong>Inhibeat</strong></span> <span class='ocrx_word' id='word_1_24' title='bbox 623 347 685 394; x_wconf 87' lang='lat' dir='ltr'>enirn</span> <span class='ocrx_word' id='word_1_25' title='bbox 698 363 789 397; x_wconf 83' lang='lat' dir='ltr'>neoesse</span> 
     </span>
     <span class='ocr_line' id='line_1_5' title="bbox 115 409 789 473; baseline 0.003 -14"><span class='ocrx_word' id='word_1_26' title='bbox 115 411 277 459; x_wconf 72' lang='lat' dir='ltr'>esthiometus</span> <span class='ocrx_word' id='word_1_27' title='bbox 284 411 397 473; x_wconf 88' lang='lat' dir='ltr'>impetum</span> <span class='ocrx_word' id='word_1_28' title='bbox 404 409 503 468; x_wconf 80' lang='lat' dir='ltr'>dicendi,</span> <span class='ocrx_word' id='word_1_29' title='bbox 511 410 686 472; x_wconf 83' lang='lat' dir='ltr'>etspotioribus</span> <span class='ocrx_word' id='word_1_30' title='bbox 694 421 789 462; x_wconf 84' lang='lat' dir='ltr'>avertet.</span> 
     </span>
     <span class='ocr_line' id='line_1_6' title="bbox 115 474 789 537; baseline 0.007 -18"><span class='ocrx_word' id='word_1_31' title='bbox 115 475 206 534; x_wconf 78' lang='lat' dir='ltr'>Quare,</span> <span class='ocrx_word' id='word_1_32' title='bbox 217 482 245 521; x_wconf 90' lang='lat' dir='ltr'>ut</span> <span class='ocrx_word' id='word_1_33' title='bbox 255 474 399 537; x_wconf 72' lang='lat' dir='ltr'>negligentiae</span> <span class='ocrx_word' id='word_1_34' title='bbox 408 489 461 537; x_wconf 81' lang='lat' dir='ltr'>pare</span> <span class='ocrx_word' id='word_1_35' title='bbox 471 483 505 521; x_wconf 81' lang='lat' dir='ltr'>eet</span> <span class='ocrx_word' id='word_1_36' title='bbox 512 475 556 522; x_wconf 86' lang='lat' dir='ltr'>hoc</span> <span class='ocrx_word' id='word_1_37' title='bbox 564 474 620 536; x_wconf 79' lang='lat' dir='ltr'>peti,</span> <span class='ocrx_word' id='word_1_38' title='bbox 630 475 662 522; x_wconf 81' lang='lat' dir='ltr'>iu</span> <span class='ocrx_word' id='word_1_39' title='bbox 669 475 789 524; x_wconf 80' lang='lat' dir='ltr'>humilita-</span> 
     </span>
     <span class='ocr_line' id='line_1_7' title="bbox 115 538 788 602; baseline 0.006 -16"><span class='ocrx_word' id='word_1_40' title='bbox 115 539 155 598; x_wconf 80' lang='lat' dir='ltr'>tis,</span> <span class='ocrx_word' id='word_1_41' title='bbox 171 539 257 602; x_wconf 88' lang='lat' dir='ltr'>ubique</span> <span class='ocrx_word' id='word_1_42' title='bbox 269 539 450 602; x_wconf 80' lang='lat' dir='ltr'>perhorrescere:</span> <span class='ocrx_word' id='word_1_43' title='bbox 467 538 597 601; x_wconf 87' lang='lat' dir='ltr'>nimiosque</span> <span class='ocrx_word' id='word_1_44' title='bbox 612 552 658 586; x_wconf 90' lang='lat' dir='ltr'>non</span> <span class='ocrx_word' id='word_1_45' title='bbox 672 539 788 590; x_wconf 82' lang='lat' dir='ltr'>immerito</span> 
     </span>
     <span class='ocr_line' id='line_1_8' title="bbox 115 603 787 667; baseline -0.004 -16"><span class='ocrx_word' id='word_1_46' title='bbox 115 603 141 651; x_wconf 90' lang='lat' dir='ltr'>in</span> <span class='ocrx_word' id='word_1_47' title='bbox 157 603 200 650; x_wconf 83' lang='lat' dir='ltr'>hae</span> <span class='ocrx_word' id='word_1_48' title='bbox 213 603 267 650; x_wconf 73' lang='lat' dir='ltr'>curt</span> <span class='ocrx_word' id='word_1_49' title='bbox 281 611 364 667; x_wconf 80' lang='lat' dir='ltr'>putant</span> <span class='ocrx_word' id='word_1_50' title='bbox 381 617 461 650; x_wconf 86' lang='lat' dir='ltr'>omnes</span> <span class='ocrx_word' id='word_1_51' title='bbox 479 603 603 650; x_wconf 82' lang='lat' dir='ltr'>Isocratem</span> <span class='ocrx_word' id='word_1_52' title='bbox 618 613 713 658; x_wconf 81' lang='lat' dir='ltr'>secutos.</span> <span class='ocrx_word' id='word_1_53' title='bbox 728 621 787 667; x_wconf 77' lang='lat' dir='ltr'>prae.</span> 
     </span>
     <span class='ocr_line' id='line_1_9' title="bbox 114 667 787 794; baseline 0.001 -15"><span class='ocrx_word' id='word_1_54' title='bbox 114 667 636 794; x_wconf 52' lang='lat' dir='ltr'>irfflpssiffiiii&#39;hss‘cssffleissi</span> <span class='ocrx_word' id='word_1_55' title='bbox 646 667 787 781; x_wconf 51' lang='lat' dir='ltr'>iiiiii&amp;</span> 
     </span>
     <span class='ocr_line' id='line_1_10' title="bbox 113 793 788 859; baseline 0.001 -15"><span class='ocrx_word' id='word_1_56' title='bbox 113 795 187 844; x_wconf 69' lang='lat' dir='ltr'>literne</span> <span class='ocrx_word' id='word_1_57' title='bbox 198 797 262 859; x_wconf 80' lang='lat' dir='ltr'>(quae</span> <span class='ocrx_word' id='word_1_58' title='bbox 272 803 392 856; x_wconf 80' lang='grc' dir='ltr'><strong>συιαλιιφιι</strong></span> <span class='ocrx_word' id='word_1_59' title='bbox 402 793 496 855; x_wconf 84' lang='lat' dir='ltr'>dicitur)</span> <span class='ocrx_word' id='word_1_60' title='bbox 506 795 575 843; x_wconf 80' lang='lat' dir='ltr'>etium</span> <span class='ocrx_word' id='word_1_61' title='bbox 584 795 692 843; x_wconf 89' lang='lat' dir='ltr'>leniorem</span> <span class='ocrx_word' id='word_1_62' title='bbox 700 796 788 845; x_wconf 82' lang='lat' dir='ltr'>faciunt</span> 
     </span>
     <span class='ocr_line' id='line_1_11' title="bbox 113 859 784 923; baseline 0.001 -16"><span class='ocrx_word' id='word_1_63' title='bbox 113 861 249 918; x_wconf 78' lang='lat' dir='ltr'>orationem,</span> <span class='ocrx_word' id='word_1_64' title='bbox 261 874 331 923; x_wconf 85' lang='lat' dir='ltr'>quarn</span> <span class='ocrx_word' id='word_1_65' title='bbox 343 859 362 905; x_wconf 87' lang='lat' dir='ltr'>si</span> <span class='ocrx_word' id='word_1_66' title='bbox 372 859 450 906; x_wconf 85' lang='lat' dir='ltr'>omnia</span> <span class='ocrx_word' id='word_1_67' title='bbox 460 861 528 908; x_wconf 84' lang='lat' dir='ltr'>verba</span> <span class='ocrx_word' id='word_1_68' title='bbox 539 875 580 906; x_wconf 89' lang='lat' dir='ltr'>suo</span> <span class='ocrx_word' id='word_1_69' title='bbox 591 859 636 907; x_wconf 88' lang='lat' dir='ltr'>fine</span> <span class='ocrx_word' id='word_1_70' title='bbox 647 860 784 918; x_wconf 70' lang='lat' dir='ltr'>dudanturr</span> 
     </span>
     <span class='ocr_line' id='line_1_12' title="bbox 113 923 786 988; baseline 0.001 -16"><span class='ocrx_word' id='word_1_71' title='bbox 113 933 139 972; x_wconf 85' lang='lat' dir='ltr'>et</span> <span class='ocrx_word' id='word_1_72' title='bbox 148 937 245 972; x_wconf 89' lang='lat' dir='ltr'>nonnun</span> <span class='ocrx_word' id='word_1_73' title='bbox 261 939 316 970; x_wconf 82' lang='lat' dir='ltr'>uam</span> <span class='ocrx_word' id='word_1_74' title='bbox 326 923 402 971; x_wconf 81' lang='lat' dir='ltr'>hiulca</span> <span class='ocrx_word' id='word_1_75' title='bbox 414 923 482 971; x_wconf 81' lang='lat' dir='ltr'>etiem</span> <span class='ocrx_word' id='word_1_76' title='bbox 493 923 581 982; x_wconf 80' lang='lat' dir='ltr'>decent,</span> <span class='ocrx_word' id='word_1_77' title='bbox 592 923 725 988; x_wconf 80' lang='lat' dir='ltr'>faciuntque</span> <span class='ocrx_word' id='word_1_78' title='bbox 735 941 786 974; x_wconf 82' lang='lat' dir='ltr'>enr-</span> 
     </span>
     <span class='ocr_line' id='line_1_13' title="bbox 112 940 785 1052; baseline 0.004 -17"><span class='ocrx_word' id='word_1_79' title='bbox 112 989 188 1052; x_wconf 85' lang='lat' dir='ltr'>pliora</span> <span class='ocrx_word' id='word_1_80' title='bbox 198 940 319 1052; x_wconf 36' lang='lat' dir='ltr'>quoiam:</span> <span class='ocrx_word' id='word_1_81' title='bbox 336 996 371 1046; x_wconf 63' lang='lat' dir='ltr'>ut„</span> <span class='ocrx_word' id='word_1_82' title='bbox 384 987 492 1035; x_wconf 74' lang='lat' dir='ltr'>Pulctrfi</span> <span class='ocrx_word' id='word_1_83' title='bbox 507 991 610 1035; x_wconf 77' lang='lat' dir='ltr'>oratione</span> <span class='ocrx_word' id='word_1_84' title='bbox 624 996 676 1036; x_wconf 84' lang='lat' dir='ltr'>acto</span> <span class='ocrx_word' id='word_1_85' title='bbox 689 993 785 1038; x_wconf 79' lang='lat' dir='ltr'>omniuo</span> 
     </span>
     <span class='ocr_line' id='line_1_14' title="bbox 106 1051 785 1117; baseline 0.007 -18"><span class='ocrx_word' id='word_1_86' title='bbox 106 1055 219 1117; x_wconf 77' lang='lat' dir='ltr'>jactare.-</span> <span class='ocrx_word' id='word_1_87' title='bbox 236 1061 286 1100; x_wconf 89' lang='lat' dir='ltr'>tum</span> <span class='ocrx_word' id='word_1_88' title='bbox 297 1053 335 1099; x_wconf 93' lang='lat' dir='ltr'>lon</span> <span class='ocrx_word' id='word_1_89' title='bbox 353 1069 373 1099; x_wconf 68' lang='grc' dir='ltr'><strong><em>ω</em></strong></span> <span class='ocrx_word' id='word_1_90' title='bbox 385 1067 426 1115; x_wconf 85' lang='lat' dir='ltr'>per</span> <span class='ocrx_word' id='word_1_91' title='bbox 437 1067 469 1108; x_wconf 83' lang='lat' dir='ltr'>se,</span> <span class='ocrx_word' id='word_1_92' title='bbox 483 1060 506 1100; x_wconf 90' lang='lat' dir='ltr'>et</span> <span class='ocrx_word' id='word_1_93' title='bbox 518 1051 582 1100; x_wconf 86' lang='lat' dir='ltr'>velut</span> <span class='ocrx_word' id='word_1_94' title='bbox 594 1053 677 1115; x_wconf 72' lang='lat' dir='ltr'>opimo</span> <span class='ocrx_word' id='word_1_95' title='bbox 690 1055 785 1117; x_wconf 74' lang='lat' dir='ltr'>syllaba</span> 
     </span>
     <span class='ocr_line' id='line_1_15' title="bbox 112 1116 784 1181; baseline 0.006 -17"><span class='ocrx_word' id='word_1_96' title='bbox 112 1117 203 1181; x_wconf 80' lang='lat' dir='ltr'>aliquid</span> <span class='ocrx_word' id='word_1_97' title='bbox 213 1117 283 1165; x_wconf 84' lang='lat' dir='ltr'>etiam</span> <span class='ocrx_word' id='word_1_98' title='bbox 292 1131 317 1163; x_wconf 88' lang='lat' dir='ltr'>m</span> <span class='ocrx_word' id='word_1_99' title='bbox 348 1116 361 1127; x_wconf 90' lang='grc'>“’</span> <span class='ocrx_word' id='word_1_100' title='bbox 373 1116 481 1180; x_wconf 82' lang='lat' dir='ltr'>temporie</span> <span class='ocrx_word' id='word_1_101' title='bbox 491 1117 550 1164; x_wconf 89' lang='lat' dir='ltr'>inter</span> <span class='ocrx_word' id='word_1_102' title='bbox 561 1117 658 1175; x_wconf 80' lang='lat' dir='ltr'>vocales,</span> <span class='ocrx_word' id='word_1_103' title='bbox 670 1120 736 1180; x_wconf 85' lang='lat' dir='ltr'>quasi</span> <span class='ocrx_word' id='word_1_104' title='bbox 747 1119 784 1168; x_wconf 89' lang='lat' dir='ltr'>in·</span> 
     </span>
     <span class='ocr_line' id='line_1_16' title="bbox 113 1180 785 1246; baseline 0.001 -16"><span class='ocrx_word' id='word_1_105' title='bbox 113 1181 250 1240; x_wconf 69' lang='lat' dir='ltr'>umnam,</span> <span class='ocrx_word' id='word_1_106' title='bbox 261 1189 390 1242; x_wconf 85' lang='lat' dir='ltr'>assumunt.</span> <span class='ocrx_word' id='word_1_107' title='bbox 413 1181 469 1240; x_wconf 72' lang='lat' dir='ltr'>Qui</span> <span class='ocrx_word' id='word_1_108' title='bbox 479 1180 508 1228; x_wconf 86' lang='lat' dir='ltr'>de</span> <span class='ocrx_word' id='word_1_109' title='bbox 517 1196 542 1228; x_wconf 88' lang='lat' dir='ltr'>re</span> <span class='ocrx_word' id='word_1_110' title='bbox 555 1189 607 1227; x_wconf 85' lang='lat' dir='ltr'>utar</span> <span class='ocrx_word' id='word_1_111' title='bbox 618 1181 732 1230; x_wconf 74' lang='lat' dir='ltr'>Ciceronis</span> <span class='ocrx_word' id='word_1_112' title='bbox 741 1199 785 1246; x_wconf 90' lang='lat' dir='ltr'>po·</span> 
     </span>
     <span class='ocr_line' id='line_1_17' title="bbox 113 1245 784 1308; baseline 0.001 -14"><span class='ocrx_word' id='word_1_113' title='bbox 113 1246 230 1294; x_wconf 80' lang='lat' dir='ltr'>tissimum</span> <span class='ocrx_word' id='word_1_114' title='bbox 241 1245 323 1305; x_wconf 84' lang='lat' dir='ltr'>verbis,</span> <span class='ocrx_word' id='word_1_115' title='bbox 334 1245 421 1305; x_wconf 79' lang='lat' dir='ltr'>Habet,</span> <span class='ocrx_word' id='word_1_116' title='bbox 433 1245 517 1308; x_wconf 74' lang='lat' dir='ltr'>inquit,</span> <span class='ocrx_word' id='word_1_117' title='bbox 527 1247 566 1290; x_wconf 79' lang='lat' dir='ltr'>tlte</span> <span class='ocrx_word' id='word_1_118' title='bbox 575 1251 693 1306; x_wconf 78' lang='lat' dir='ltr'>tamquam</span> <span class='ocrx_word' id='word_1_119' title='bbox 704 1248 784 1296; x_wconf 72' lang='lat' dir='ltr'>tutas</span> 
     </span>
     <span class='ocr_line' id='line_1_18' title="bbox 112 1311 784 1372; baseline -0.001 -13"><span class='ocrx_word' id='word_1_120' title='bbox 112 1319 137 1359; x_wconf 78' lang='lat' dir='ltr'>et</span> <span class='ocrx_word' id='word_1_121' title='bbox 148 1326 274 1358; x_wconf 71' lang='lat' dir='ltr'>consternet</span> <span class='ocrx_word' id='word_1_122' title='bbox 285 1312 400 1358; x_wconf 80' lang='lat' dir='ltr'>vocalium</span> <span class='ocrx_word' id='word_1_123' title='bbox 411 1312 478 1356; x_wconf 79' lang='lat' dir='ltr'>molle</span> <span class='ocrx_word' id='word_1_124' title='bbox 489 1311 608 1370; x_wconf 78' lang='lat' dir='ltr'><strong><em>quiddam,</em></strong></span> <span class='ocrx_word' id='word_1_125' title='bbox 621 1317 643 1356; x_wconf 80' lang='lat' dir='ltr'>et</span> <span class='ocrx_word' id='word_1_126' title='bbox 651 1313 711 1372; x_wconf 78' lang='lat' dir='ltr'>qrcod</span> <span class='ocrx_word' id='word_1_127' title='bbox 721 1313 784 1358; x_wconf 77' lang='lat' dir='ltr'>indi-</span> 
     </span>
     <span class='ocr_line' id='line_1_19' title="bbox 113 1375 783 1439; baseline -0.001 -15"><span class='ocrx_word' id='word_1_128' title='bbox 113 1383 149 1424; x_wconf 73' lang='grc' dir='ltr'>εει</span> <span class='ocrx_word' id='word_1_129' title='bbox 157 1390 203 1423; x_wconf 80' lang='lat' dir='ltr'>non</span> <span class='ocrx_word' id='word_1_130' title='bbox 212 1378 333 1436; x_wconf 77' lang='lat' dir='ltr'><em>ingratam</em></span> <span class='ocrx_word' id='word_1_131' title='bbox 341 1376 509 1436; x_wconf 72' lang='lat' dir='ltr'>negligentiam</span> <span class='ocrx_word' id='word_1_132' title='bbox 515 1375 545 1420; x_wconf 77' lang='lat' dir='ltr'>rie</span> <span class='ocrx_word' id='word_1_133' title='bbox 553 1388 578 1420; x_wconf 82' lang='lat' dir='ltr'>re</span> <span class='ocrx_word' id='word_1_134' title='bbox 586 1375 688 1422; x_wconf 74' lang='lat' dir='ltr'>tonrtnte</span> <span class='ocrx_word' id='word_1_135' title='bbox 697 1379 783 1439; x_wconf 74' lang='lat' dir='ltr'>mugit,</span> 
     </span>
     <span class='ocr_line' id='line_1_20' title="bbox 113 1441 461 1503; baseline -0.003 -16"><span class='ocrx_word' id='word_1_136' title='bbox 113 1453 185 1503; x_wconf 74' lang='lat' dir='ltr'>quam</span> <span class='ocrx_word' id='word_1_137' title='bbox 196 1441 224 1486; x_wconf 83' lang='lat' dir='ltr'>de</span> <span class='ocrx_word' id='word_1_138' title='bbox 235 1441 318 1497; x_wconf 77' lang='lat' dir='ltr'>uerbis,</span> <span class='ocrx_word' id='word_1_139' title='bbox 329 1441 461 1487; x_wconf 75' lang='lat' dir='ltr'>loborantis.</span> 
     </span>
    </p>
   </div>
   <div class='ocr_carea' id='block_1_5' title="bbox 81 1505 783 1758">
    <p class='ocr_par' dir='ltr' id='par_1_5' title="bbox 81 1505 783 1758">
     <span class='ocr_line' id='line_1_21' title="bbox 147 1505 783 1569; baseline 0.003 -17"><span class='ocrx_word' id='word_1_140' title='bbox 147 1505 263 1552; x_wconf 79' lang='lat' dir='ltr'>Craterum</span> <span class='ocrx_word' id='word_1_141' title='bbox 279 1512 426 1552; x_wconf 74' lang='lat' dir='ltr'><strong>consonantes</strong></span> <span class='ocrx_word' id='word_1_142' title='bbox 444 1519 544 1567; x_wconf 83' lang='lat' dir='ltr'>quoque,</span> <span class='ocrx_word' id='word_1_143' title='bbox 564 1519 641 1567; x_wconf 67' lang='lat' dir='ltr'>mque</span> <span class='ocrx_word' id='word_1_144' title='bbox 660 1505 783 1569; x_wconf 72' lang='lat' dir='ltr'>precipue,</span> 
     </span>
     <span class='ocr_line' id='line_1_22' title="bbox 111 1567 783 1634; baseline 0.001 -17"><span class='ocrx_word' id='word_1_145' title='bbox 111 1585 167 1634; x_wconf 76' lang='lat' dir='ltr'>quta</span> <span class='ocrx_word' id='word_1_146' title='bbox 181 1577 235 1616; x_wconf 89' lang='lat' dir='ltr'>snnt</span> <span class='ocrx_word' id='word_1_147' title='bbox 248 1567 378 1630; x_wconf 76' lang='lat' dir='ltr'>asperiores,</span> <span class='ocrx_word' id='word_1_148' title='bbox 396 1568 421 1616; x_wconf 92' lang='lat' dir='ltr'>in</span> <span class='ocrx_word' id='word_1_149' title='bbox 435 1569 585 1617; x_wconf 71' lang='lat' dir='ltr'>oomrnisaurt.</span> <span class='ocrx_word' id='word_1_150' title='bbox 599 1571 720 1617; x_wconf 87' lang='lat' dir='ltr'>verborum</span> <span class='ocrx_word' id='word_1_151' title='bbox 734 1571 783 1618; x_wconf 82' lang='lat' dir='ltr'>rix-</span> 
     </span>
     <span class='ocr_line' id='line_1_23' title="bbox 81 1631 783 1698; baseline 0.001 -17"><span class='ocrx_word' id='word_1_152' title='bbox 81 1633 88 1644; x_wconf 80' lang='grc'><em>“</em></span> <span class='ocrx_word' id='word_1_153' title='bbox 110 1641 191 1693; x_wconf 80' lang='lat' dir='ltr'>antur,</span> <span class='ocrx_word' id='word_1_154' title='bbox 199 1642 222 1681; x_wconf 85' lang='lat' dir='ltr'>et</span> <span class='ocrx_word' id='word_1_155' title='bbox 231 1631 264 1694; x_wconf 80' lang='lat' dir='ltr'>[S</span> <span class='ocrx_word' id='word_1_156' title='bbox 271 1632 413 1680; x_wconf 76' lang='lat' dir='ltr'>attimacum</span> <span class='ocrx_word' id='word_1_157' title='bbox 420 1635 450 1680; x_wconf 84' lang='lat' dir='ltr'><em>X</em></span> <span class='ocrx_word' id='word_1_158' title='bbox 456 1633 584 1698; x_wconf 48' lang='lat' dir='ltr'>proximu]</span> <span class='ocrx_word' id='word_1_159' title='bbox 593 1647 692 1697; x_wconf 81' lang='lat' dir='ltr'>quarum</span> <span class='ocrx_word' id='word_1_160' title='bbox 699 1633 783 1682; x_wconf 73' lang='lat' dir='ltr'>tristior</span> 
     </span>
     <span class='ocr_line' id='line_1_24' title="bbox 111 1697 783 1758; baseline -0.006 -10"><span class='ocrx_word' id='word_1_161' title='bbox 111 1699 192 1758; x_wconf 76' lang='lat' dir='ltr'>etiem,</span> <span class='ocrx_word' id='word_1_162' title='bbox 208 1697 228 1745; x_wconf 88' lang='lat' dir='ltr'>ei</span> <span class='ocrx_word' id='word_1_163' title='bbox 241 1697 456 1758; x_wconf 77' lang='lat' dir='ltr'>binaeoolliduntur‚</span> <span class='ocrx_word' id='word_1_164' title='bbox 468 1697 551 1744; x_wconf 83' lang='lat' dir='ltr'>stridor</span> <span class='ocrx_word' id='word_1_165' title='bbox 560 1708 608 1746; x_wconf 73' lang='lat' dir='ltr'>este</span> <span class='ocrx_word' id='word_1_166' title='bbox 626 1705 660 1754; x_wconf 87' lang='lat' dir='ltr'>ut,</span> <span class='ocrx_word' id='word_1_167' title='bbox 672 1699 723 1744; x_wconf 81' lang='lat' dir='ltr'>Ars</span> <span class='ocrx_word' id='word_1_168' title='bbox 734 1704 783 1746; x_wconf 82' lang='lat' dir='ltr'>ttu-</span> 
     </span>
    </p>
   </div>
   <div class='ocr_carea' id='block_1_6' title="bbox 110 1761 783 1956">
    <p class='ocr_par' dir='ltr' id='par_1_6' title="bbox 110 1761 783 1956">
     <span class='ocr_line' id='line_1_25' title="bbox 111 1761 783 1827; baseline -0.003 -15"><span class='ocrx_word' id='word_1_169' title='bbox 111 1765 213 1812; x_wconf 76' lang='lat' dir='ltr'>diornm.</span> <span class='ocrx_word' id='word_1_170' title='bbox 237 1762 299 1821; x_wconf 74' lang='lat' dir='ltr'>Qua</span> <span class='ocrx_word' id='word_1_171' title='bbox 309 1761 354 1809; x_wconf 80' lang='lat' dir='ltr'>fuit</span> <span class='ocrx_word' id='word_1_172' title='bbox 364 1777 433 1810; x_wconf 78' lang='lat' dir='ltr'>cause</span> <span class='ocrx_word' id='word_1_173' title='bbox 443 1771 465 1810; x_wconf 85' lang='lat' dir='ltr'>et</span> <span class='ocrx_word' id='word_1_174' title='bbox 478 1762 555 1810; x_wconf 85' lang='lat' dir='ltr'>Servio</span> <span class='ocrx_word' id='word_1_175' title='bbox 570 1765 608 1827; x_wconf 91' lang='lat' dir='ltr'>(ut</span> <span class='ocrx_word' id='word_1_176' title='bbox 618 1761 678 1822; x_wconf 82' lang='lat' dir='ltr'>dixi)</span> <span class='ocrx_word' id='word_1_177' title='bbox 694 1764 783 1810; x_wconf 87' lang='lat' dir='ltr'>subtra-</span> 
     </span>
     <span class='ocr_line' id='line_1_26' title="bbox 111 1826 783 1891; baseline -0.001 -15"><span class='ocrx_word' id='word_1_178' title='bbox 111 1828 194 1876; x_wconf 71' lang='lat' dir='ltr'>hendae</span> <span class='ocrx_word' id='word_1_179' title='bbox 206 1830 227 1876; x_wconf 87' lang='lat' dir='ltr'><em>S</em></span> <span class='ocrx_word' id='word_1_180' title='bbox 238 1827 319 1884; x_wconf 72' lang='lat' dir='ltr'>literne,</span> <span class='ocrx_word' id='word_1_181' title='bbox 334 1826 430 1891; x_wconf 77' lang='lat' dir='ltr'>quoties¹</span> <span class='ocrx_word' id='word_1_182' title='bbox 439 1826 523 1874; x_wconf 87' lang='lat' dir='ltr'>ultima</span> <span class='ocrx_word' id='word_1_183' title='bbox 538 1836 605 1886; x_wconf 78' lang='lat' dir='ltr'>esset,</span> <span class='ocrx_word' id='word_1_184' title='bbox 623 1826 714 1890; x_wconf 77' lang='lat' dir='ltr'>alitque</span> <span class='ocrx_word' id='word_1_185' title='bbox 729 1843 783 1875; x_wconf 89' lang='lat' dir='ltr'>oon·</span> 
     </span>
     <span class='ocr_line' id='line_1_27' title="bbox 110 1891 781 1956; baseline -0.001 -16"><span class='ocrx_word' id='word_1_186' title='bbox 110 1903 206 1941; x_wconf 74' lang='lat' dir='ltr'>sonante</span> <span class='ocrx_word' id='word_1_187' title='bbox 220 1891 386 1956; x_wconf 80' lang='lat' dir='ltr'>susciperetur:</span> <span class='ocrx_word' id='word_1_188' title='bbox 407 1892 469 1954; x_wconf 86' lang='lat' dir='ltr'>quod</span> <span class='ocrx_word' id='word_1_189' title='bbox 484 1891 628 1954; x_wconf 86' lang='lat' dir='ltr'>reprehendit</span> <span class='ocrx_word' id='word_1_190' title='bbox 642 1891 781 1949; x_wconf 72' lang='lat' dir='ltr'>Lemnius,</span> 
     </span>
    </p>
   </div>
   <div class='ocr_carea' id='block_1_7' title="bbox 111 1955 869 2020">
    <p class='ocr_par' dir='ltr' id='par_1_7' title="bbox 111 1955 869 2020">
     <span class='ocr_line' id='line_1_28' title="bbox 111 1955 869 2020; baseline -0.003 -14"><span class='ocrx_word' id='word_1_191' title='bbox 111 1957 216 2006; x_wconf 79' lang='lat' dir='ltr'>Messala</span> <span class='ocrx_word' id='word_1_192' title='bbox 230 1955 338 2004; x_wconf 76' lang='lat' dir='ltr'>defendit.</span> <span class='ocrx_word' id='word_1_193' title='bbox 364 1956 429 2003; x_wconf 86' lang='lat' dir='ltr'>Nam</span> <span class='ocrx_word' id='word_1_194' title='bbox 441 1971 516 2018; x_wconf 88' lang='lat' dir='ltr'>neque</span> <span class='ocrx_word' id='word_1_195' title='bbox 526 1956 644 2006; x_wconf 82' lang='lat' dir='ltr'>Lucilium</span> <span class='ocrx_word' id='word_1_196' title='bbox 654 1966 737 2020; x_wconf 91' lang='lat' dir='ltr'>putant</span> <span class='ocrx_word' id='word_1_197' title='bbox 747 1956 783 2004; x_wconf 88' lang='lat' dir='ltr'>uti</span> <span class='ocrx_word' id='word_1_198' title='bbox 860 1997 869 2004; x_wconf 84' lang='grc'><strong>.</strong></span> 
     </span>
    </p>
   </div>
   <div class='ocr_carea' id='block_1_8' title="bbox 81 2020 785 2716">
    <p class='ocr_par' dir='ltr' id='par_1_8' title="bbox 81 2020 785 2716">
     <span class='ocr_line' id='line_1_29' title="bbox 111 2020 782 2086; baseline 0 -18"><span class='ocrx_word' id='word_1_199' title='bbox 111 2021 192 2069; x_wconf 74' lang='lat' dir='ltr'>eidem</span> <span class='ocrx_word' id='word_1_200' title='bbox 210 2021 303 2077; x_wconf 68' lang='lat' dir='ltr'>ultimi,</span> <span class='ocrx_word' id='word_1_201' title='bbox 321 2036 374 2069; x_wconf 84' lang='lat' dir='ltr'>oum</span> <span class='ocrx_word' id='word_1_202' title='bbox 392 2020 456 2079; x_wconf 84' lang='lat' dir='ltr'>dicit,</span> <span class='ocrx_word' id='word_1_203' title='bbox 474 2023 571 2068; x_wconf 81' lang='lat' dir='ltr'>Srrcrru&#39;</span> <span class='ocrx_word' id='word_1_204' title='bbox 582 2023 647 2086; x_wconf 77' lang='lat' dir='ltr'>suit,</span> <span class='ocrx_word' id='word_1_205' title='bbox 660 2030 683 2067; x_wconf 88' lang='lat' dir='ltr'>et</span> <span class='ocrx_word' id='word_1_206' title='bbox 698 2021 782 2082; x_wconf 62' lang='grc' dir='ltr'><strong>ιιι-μα’</strong></span> 
     </span>
     <span class='ocr_line' id='line_1_30' title="bbox 111 2083 781 2148; baseline 0 -16"><span class='ocrx_word' id='word_1_207' title='bbox 111 2088 167 2133; x_wconf 85' lang='lat' dir='ltr'>loco.</span> <span class='ocrx_word' id='word_1_208' title='bbox 191 2085 257 2144; x_wconf 89' lang='lat' dir='ltr'>Quin</span> <span class='ocrx_word' id='word_1_209' title='bbox 274 2085 342 2133; x_wconf 88' lang='lat' dir='ltr'>etiam</span> <span class='ocrx_word' id='word_1_210' title='bbox 362 2085 449 2144; x_wconf 81' lang='lat' dir='ltr'>Cicero,</span> <span class='ocrx_word' id='word_1_211' title='bbox 467 2085 492 2132; x_wconf 91' lang='lat' dir='ltr'>in</span> <span class='ocrx_word' id='word_1_212' title='bbox 506 2085 612 2144; x_wconf 76' lang='lat' dir='ltr'>Oratore,</span> <span class='ocrx_word' id='word_1_213' title='bbox 629 2083 707 2148; x_wconf 90' lang='lat' dir='ltr'>plures</span> <span class='ocrx_word' id='word_1_214' title='bbox 722 2085 781 2132; x_wconf 81' lang='lat' dir='ltr'>anti·</span> 
     </span>
     <span class='ocr_line' id='line_1_31' title="bbox 111 2148 781 2214; baseline -0.003 -17"><span class='ocrx_word' id='word_1_215' title='bbox 111 2163 211 2214; x_wconf 86' lang='lat' dir='ltr'>quorum</span> <span class='ocrx_word' id='word_1_216' title='bbox 223 2150 293 2198; x_wconf 80' lang='lat' dir='ltr'>tradit</span> <span class='ocrx_word' id='word_1_217' title='bbox 303 2149 335 2198; x_wconf 87' lang='lat' dir='ltr'>sic</span> <span class='ocrx_word' id='word_1_218' title='bbox 345 2151 440 2197; x_wconf 81' lang='lat' dir='ltr'>locutos.</span> <span class='ocrx_word' id='word_1_219' title='bbox 462 2149 520 2198; x_wconf 89' lang='lat' dir='ltr'>Inde</span> <span class='ocrx_word' id='word_1_220' title='bbox 529 2152 673 2211; x_wconf 76' lang='lat' dir='ltr'>belligerare,</span> <span class='ocrx_word' id='word_1_221' title='bbox 681 2148 721 2210; x_wconf 87' lang='lat' dir='ltr'>po’</span> <span class='ocrx_word' id='word_1_222' title='bbox 733 2163 781 2195; x_wconf 81' lang='lat' dir='ltr'>ote·</span> 
     </span>
     <span class='ocr_line' id='line_1_32' title="bbox 110 2213 785 2275; baseline -0.003 -13"><span class='ocrx_word' id='word_1_223' title='bbox 110 2217 214 2273; x_wconf 76' lang='lat' dir='ltr'>ridiem3</span> <span class='ocrx_word' id='word_1_224' title='bbox 225 2214 295 2262; x_wconf 71' lang='lat' dir='ltr'>stilla</span> <span class='ocrx_word' id='word_1_225' title='bbox 304 2213 406 2262; x_wconf 86' lang='lat' dir='ltr'>Censorii</span> <span class='ocrx_word' id='word_1_226' title='bbox 417 2213 519 2271; x_wconf 79' lang='lat' dir='ltr'>Catonis,</span> <span class='ocrx_word' id='word_1_227' title='bbox 530 2217 585 2262; x_wconf 81' lang='lat' dir='ltr'>Dit&#39;</span> <span class='ocrx_word' id='word_1_228' title='bbox 597 2216 665 2271; x_wconf 81' lang='lat' dir='ltr'>Itane,</span> <span class='ocrx_word' id='word_1_229' title='bbox 677 2215 785 2275; x_wconf 82' lang='lat' dir='ltr'>requeM</span> 
     </span>
     <span class='ocr_line' id='line_1_33' title="bbox 109 2277 781 2342; baseline -0.003 -16"><span class='ocrx_word' id='word_1_230' title='bbox 109 2279 177 2328; x_wconf 79' lang='lat' dir='ltr'>titert</span> <span class='ocrx_word' id='word_1_231' title='bbox 187 2279 212 2327; x_wconf 90' lang='lat' dir='ltr'>in</span> <span class='ocrx_word' id='word_1_232' title='bbox 223 2282 248 2328; x_wconf 82' lang='grc' dir='ltr'><em>Ε</em></span> <span class='ocrx_word' id='word_1_233' title='bbox 258 2279 363 2326; x_wconf 70' lang='lat' dir='ltr'>mollitis</span> <span class='ocrx_word' id='word_1_234' title='bbox 376 2294 437 2342; x_wconf 72' lang='lat' dir='ltr'>que,</span> <span class='ocrx_word' id='word_1_235' title='bbox 448 2278 473 2324; x_wconf 94' lang='lat' dir='ltr'>in</span> <span class='ocrx_word' id='word_1_236' title='bbox 484 2280 598 2327; x_wconf 83' lang='lat' dir='ltr'>veteribus</span> <span class='ocrx_word' id='word_1_237' title='bbox 609 2277 674 2324; x_wconf 87' lang='lat' dir='ltr'>libris</span> <span class='ocrx_word' id='word_1_238' title='bbox 684 2286 781 2339; x_wconf 82' lang='lat' dir='ltr'>reperta,</span> 
     </span>
     <span class='ocr_line' id='line_1_34' title="bbox 109 2341 783 2408; baseline -0.003 -17"><span class='ocrx_word' id='word_1_239' title='bbox 109 2353 200 2393; x_wconf 84' lang='lat' dir='ltr'>mutare</span> <span class='ocrx_word' id='word_1_240' title='bbox 207 2344 309 2408; x_wconf 82' lang='lat' dir='ltr'>imperiti</span> <span class='ocrx_word' id='word_1_241' title='bbox 316 2343 405 2391; x_wconf 84' lang='lat' dir='ltr'>solentr</span> <span class='ocrx_word' id='word_1_242' title='bbox 420 2343 515 2400; x_wconf 55' lang='lat' dir='ltr'>endum</span> <span class='ocrx_word' id='word_1_243' title='bbox 523 2343 667 2390; x_wconf 81' lang='lat' dir='ltr'>librariorum</span> <span class='ocrx_word' id='word_1_244' title='bbox 678 2341 783 2390; x_wconf 85' lang='lat' dir='ltr'>insectari</span> 
     </span>
     <span class='ocr_line' id='line_1_35' title="bbox 109 2405 783 2470; baseline -0.003 -14"><span class='ocrx_word' id='word_1_245' title='bbox 109 2408 324 2466; x_wconf 65' lang='lat' dir='ltr'>valentinensem,</span> <span class='ocrx_word' id='word_1_246' title='bbox 336 2408 554 2456; x_wconf 83' lang='lat' dir='ltr'>ruamconfitentur.</span> <span class='ocrx_word' id='word_1_247' title='bbox 571 2405 648 2470; x_wconf 87' lang='lat' dir='ltr'>Atqui</span> <span class='ocrx_word' id='word_1_248' title='bbox 655 2406 733 2453; x_wconf 82' lang='lat' dir='ltr'>eedem</span> <span class='ocrx_word' id='word_1_249' title='bbox 741 2406 783 2454; x_wconf 84' lang='lat' dir='ltr'>illa</span> 
     </span>
     <span class='ocr_line' id='line_1_36' title="bbox 108 2469 782 2538; baseline -0.004 -17"><span class='ocrx_word' id='word_1_250' title='bbox 108 2473 183 2534; x_wconf 79' lang='lat' dir='ltr'>litera,</span> <span class='ocrx_word' id='word_1_251' title='bbox 195 2474 286 2538; x_wconf 78' lang='lat' dir='ltr'>quoties</span> <span class='ocrx_word' id='word_1_252' title='bbox 296 2472 380 2521; x_wconf 79' lang='lat' dir='ltr'>ultime</span> <span class='ocrx_word' id='word_1_253' title='bbox 390 2481 433 2528; x_wconf 83' lang='lat' dir='ltr'>est,</span> <span class='ocrx_word' id='word_1_254' title='bbox 447 2481 470 2520; x_wconf 90' lang='lat' dir='ltr'>et</span> <span class='ocrx_word' id='word_1_255' title='bbox 480 2471 581 2520; x_wconf 83' lang='lat' dir='ltr'>vocalem</span> <span class='ocrx_word' id='word_1_256' title='bbox 592 2469 655 2519; x_wconf 86' lang='lat' dir='ltr'>verbi</span> <span class='ocrx_word' id='word_1_257' title='bbox 668 2471 782 2534; x_wconf 77' lang='lat' dir='ltr'>sequentia</span> 
     </span>
     <span class='ocr_line' id='line_1_37' title="bbox 109 2535 781 2602; baseline -0.007 -18"><span class='ocrx_word' id='word_1_258' title='bbox 109 2537 142 2584; x_wconf 88' lang='lat' dir='ltr'>ita</span> <span class='ocrx_word' id='word_1_259' title='bbox 152 2539 272 2602; x_wconf 82' lang='lat' dir='ltr'>contingit,</span> <span class='ocrx_word' id='word_1_260' title='bbox 286 2547 312 2586; x_wconf 90' lang='lat' dir='ltr'>ut</span> <span class='ocrx_word' id='word_1_261' title='bbox 321 2538 345 2584; x_wconf 91' lang='lat' dir='ltr'>in</span> <span class='ocrx_word' id='word_1_262' title='bbox 357 2551 409 2586; x_wconf 80' lang='lat' dir='ltr'>earn</span> <span class='ocrx_word' id='word_1_263' title='bbox 420 2536 516 2584; x_wconf 86' lang='lat' dir='ltr'>transire</span> <span class='ocrx_word' id='word_1_264' title='bbox 526 2537 606 2600; x_wconf 81' lang='lat' dir='ltr'>possit,</span> <span class='ocrx_word' id='word_1_265' title='bbox 617 2535 686 2582; x_wconf 82' lang='lat' dir='ltr'>etium</span> <span class='ocrx_word' id='word_1_266' title='bbox 697 2535 715 2581; x_wconf 85' lang='lat' dir='ltr'>si</span> <span class='ocrx_word' id='word_1_267' title='bbox 727 2535 781 2580; x_wconf 81' lang='lat' dir='ltr'>sori-</span> 
     </span>
     <span class='ocr_line' id='line_1_38' title="bbox 109 2599 780 2667; baseline -0.009 -18"><span class='ocrx_word' id='word_1_268' title='bbox 109 2603 180 2660; x_wconf 82' lang='lat' dir='ltr'>bitur‚</span> <span class='ocrx_word' id='word_1_269' title='bbox 196 2612 274 2652; x_wconf 78' lang='lat' dir='ltr'>tannen</span> <span class='ocrx_word' id='word_1_270' title='bbox 289 2617 373 2667; x_wconf 84' lang='lat' dir='ltr'>purum</span> <span class='ocrx_word' id='word_1_271' title='bbox 388 2599 539 2664; x_wconf 77' lang='lat' dir='ltr'>exprimitur:</span> <span class='ocrx_word' id='word_1_272' title='bbox 557 2610 592 2660; x_wconf 84' lang='lat' dir='ltr'>ut,</span> <span class='ocrx_word' id='word_1_273' title='bbox 609 2601 718 2647; x_wconf 82' lang='lat' dir='ltr'>Multum</span> <span class='ocrx_word' id='word_1_274' title='bbox 733 2600 780 2656; x_wconf 73' lang='lat' dir='ltr'>tlte,</span> 
     </span>
     <span class='ocr_line' id='line_1_39' title="bbox 81 2675 649 2716; baseline -0.011 -1"><span class='ocrx_word' id='word_1_275' title='bbox 81 2675 90 2692; x_wconf 79' lang='lat'>⁸</span> <span class='ocrx_word' id='word_1_276' title='bbox 141 2680 206 2715; x_wconf 81' lang='lat' dir='ltr'>von.</span> <span class='ocrx_word' id='word_1_277' title='bbox 221 2681 252 2716; x_wconf 89' lang='grc' dir='ltr'>ιι.</span> <span class='ocrx_word' id='word_1_278' title='bbox 633 2677 649 2709; x_wconf 83' lang='lat' dir='ltr'>r</span> 
     </span>
    </p>
   </div>
   <div class='ocr_carea' id='block_1_9' title="bbox 0 0 934 2946">
    <p class='ocr_par' dir='ltr' id='par_1_9' title="bbox 0 0 934 2946">
     <span class='ocr_line' id='line_1_40' title="bbox 0 0 934 2946; baseline 0 1"><span class='ocrx_word' id='word_1_279' title='bbox 0 0 934 2946; x_wconf 95' lang='lat' dir='ltr'> </span> 
     </span>
    </p>
   </div>
  </div>
 </body>
</html>
