1868 2942
237 91 366 144 rNsrrr.
382 91 538 144 ORATOR.
555 91 631 144 vm.
648 95 672 143 2.
757 92 791 149 57

120 229 174 272 tam
185 237 240 272 eom
252 223 327 273 dicere
338 223 397 272 velle
408 223 537 272 indidisset.
562 224 614 273 Nat
626 221 701 282 rideo,
715 235 788 286 quare

120 289 196 336 clarus
206 294 281 336 orator
292 290 387 336 duratos
397 288 479 336 marici
488 291 565 352 piacet
576 287 671 336 nitidius
682 301 730 336 eane
740 301 789 335 tre·

120 351 213 410 diderit,
225 368 297 416 quam
306 353 384 416 ipsum
393 353 427 412 id,
438 353 501 416 quod
510 353 603 401 vitabat.
620 351 650 400 In
658 353 701 400 hae
709 361 788 400 autem

120 413 267 480 proprietatis
277 417 358 480 specie,
370 433 422 480 quae
430 417 562 465 nominibus
573 417 628 481 ipsit
636 418 748 480 cujusque
755 415 789 464 rei

119 480 204 539 utitur,
218 481 283 528 nulla
293 481 365 530 virtue
378 490 425 529 eat:
443 490 513 544 atque
526 481 547 530 ei
559 482 698 530 eontrarium
709 489 743 528 eat
753 479 789 528 vi-

121 544 183 591 tium
196 545 228 604 id,
242 545 304 608 quod
318 546 381 610 opud
396 561 438 594 noa
452 548 620 608 impropriam,
635 563 709 607 auvpor
725 544 789 610 apud

121 609 224 668 Graetoe,
236 619 343 658 vooemrt
357 610 426 674 quale
438 617 608 674 est...tunt1‚tm
620 623 714 673 rperore
726 611 789 656 doio-

120 688 192 731 rem5
206 683 254 734 aut,
270 673 334 738 quod
346 675 371 722 in
382 675 483 722 oratione
493 675 623 724 Dolabella
631 673 788 722 -emendatum

119 753 136 786 a
154 738 264 786 Cicerone
281 739 397 797 annotavi,
418 745 517 787 owrtem
531 741 621 802 seme
641 747 690 797 eut,
710 737 789 802 qualia

119 817 184 850 nunc
194 803 319 850 laudantur
329 803 502 866 equitandum,
515 819 614 868 quorum
626 811 668 863 est,
683 803 710 850 dt
721 815 789 848 crece

121 869 261 923 decertem
275 869 343 915 uerbo
354 870 492 915 ceciderunt.
509 869 564 916 Non
576 876 662 928 nmen,
674 865 789 932 quidquid

120 945 169 978 non
180 932 222 978 erit
234 932 360 994 proprium,
373 933 478 995 protinus
490 941 513 980 et
525 933 644 997 improprii
654 932 710 981 vitio
723 932 789 980 labo-

119 995 197 1042 rebitr
210 995 273 1058 quin,
284 996 387 1058 primum
397 997 511 1058 omnium,
525 997 600 1046 multa
610 1006 665 1046 aunt
675 1005 698 1046 et
708 996 789 1044 (irena

121 1067 146 1107 et
160 1059 244 1108 latine
261 1074 308 1108 non
321 1060 475 1110 denominata.
500 1063 565 1110 Nam
577 1070 608 1123 et,
626 1062 668 1126 qui
682 1061 788 1123 jaculum

120 1124 214 1184 emittit,
221 1126 328 1187 jaculari
339 1125 436 1184 dicitur3
451 1127 492 1190 qui
504 1127 579 1190 pilum
591 1135 631 1174 eut
641 1125 731 1184 eudem,
746 1139 788 1186 ap·

118 1189 243 1251 pollutione
253 1189 361 1251 privatim
373 1190 417 1238 eibi
429 1191 543 1254 assignati
553 1200 628 1240 earett
642 1198 711 1248 etut,
725 1191 788 1251 lapi-

119 1253 178 1300 dare
189 1253 246 1317 quid
260 1253 297 1314 sit,
314 1253 463 1302 manifestum
476 1264 518 1316 ert,
534 1255 568 1303 ita
583 1256 703 1320 glebarum
715 1262 786 1302 taeta·

118 1331 219 1380 rumque
225 1319 301 1380 jactus
309 1333 356 1366 non
363 1319 433 1367 habet
440 1333 531 1368 nomen.
548 1321 618 1368 Unde
626 1319 715 1380 abusio,
724 1322 788 1383 (quoe

119 1397 166 1426 κατ
211 1401 260 1436 ner,
273 1381 367 1442 dieitur)
380 1384 510 1432 naumain.
534 1386 669 1432 franciotto
685 1398 786 1448 quoque,

117 1444 145 1490 in
156 1459 188 1506 qu
213 1446 250 1493 vel
259 1447 376 1494 maximus
387 1455 421 1495 eat
430 1449 538 1498 untionis
548 1458 649 1508 ornatur,
661 1451 731 1497 verbe
740 1463 788 1496 nou

118 1507 170 1555 auis
185 1511 253 1557 rebus
268 1511 432 1560 acoommodat.
456 1513 537 1572 Quone
551 1513 678 1577 proprietas
693 1527 740 1560 non
755 1511 787 1559 ad

116 1587 212 1632 nomen,
222 1574 261 1622 sed
269 1575 298 1622 ud
306 1576 353 1623 nim
361 1577 512 1639 significandi,
523 1577 634 1634 refer-tun
646 1591 688 1624 nec
695 1576 788 1635 auditu,

117 1637 159 1685 sed
169 1637 294 1699 intellectu,
305 1640 466 1704 perpendenda
476 1650 518 1689 eat.
535 1641 641 1690 Secundo
651 1640 720 1687 modo
730 1639 788 1686 diei·

117 1711 159 1750 tur
166 1705 295 1767 proprium,
302 1705 363 1752 inter
367 1705 436 1768 plura
446 1721 499 1769 que
507 1713 562 1754 runt
568 1705 671 1767 ejusdem
679 1703 788 1765 nominis,

117 1766 152 1827 id,
161 1767 224 1816 unde
232 1778 313 1817 cetere
323 1767 393 1818 dueta
402 1779 471 1817 eunt:
483 1779 511 1818 ut
522 1777 602 1818 vertet
610 1778 644 1818 ert
652 1777 754 1817 oontorta
764 1769 789 1817 in

117 1847 143 1879 ae
154 1847 223 1894 aqua,
235 1834 272 1881 vel
282 1833 397 1898 quidquid
407 1833 471 1881 aliud
482 1835 586 1883 similiter
596 1834 706 1892 vertitu13
723 1833 787 1894 inde,

117 1904 212 1958 propter
222 1897 310 1946 flexum
320 1899 464 1962 capillorum,
478 1915 530 1962 pars
542 1907 575 1947 eet
588 1915 680 1947 summa
691 1899 786 1963 eapitia;

117 1967 150 2017 et,
168 1975 197 2008 ex
209 1961 260 2022 hoc,
279 1963 341 2026 quod
354 1963 425 2010 estin
440 1963 558 2012 montibus
571 1963 786 2012 eminentissimum.

119 2023 201 2084 Recte,
212 2025 316 2089 inquom,
328 2026 412 2075 dixeris
421 2027 471 2075 heo
481 2029 560 2076 omnia
571 2031 668 2076 veriioer
678 2045 685 2082 ,¹
696 2027 788 2090 proprie

117 2096 205 2148 tamen,
214 2089 275 2138 unde
285 2090 379 2139 initium
389 2099 430 2140 eat.
447 2092 485 2141 stc
494 2095 562 2140 solea
570 2101 593 2140 et
601 2093 668 2140 tardi
675 2092 757 2155 pisces,
766 2098 790 2138 et

117 2160 208 2200 σείεται

150 2215 245 2265 Tertius
262 2226 296 2266 est
307 2219 363 2268 hnic
377 2220 480 2272 divornrn
491 2223 584 2283 modus,
603 2237 658 2271 cum
667 2237 712 2281 rer,
724 2234 791 2268 oom-

117 2281 349 2344 muniapluribua,in
357 2299 405 2334 uno
411 2287 488 2350 aliquo
494 2287 564 2336 habet
569 2301 654 2334 nomen
661 2285 789 2344 eximium,

30 2387 36 2396 .
116 2353 248 2394 ut'earmen
260 2347 357 2398 funebre
372 2351 463 2414 proprie
473 2355 561 2411 mnia,
578 2361 602 2399 et
613 2350 789 2399 tabernaculum

66 2435 67 2438 =
119 2408 186 2458 duoia
202 2415 324 2472 augurale.
349 2414 419 2473 Item,
433 2415 497 2478 quod
510 2430 634 2464 commune
650 2424 684 2463 eat
700 2423 723 2462 et
734 2413 792 2461 aliis

118 2488 214 2533 nomen,
227 2475 346 2525 intellectu
356 2479 426 2526 alicui
435 2479 469 2526 rei
479 2479 623 2542 peculiariter
632 2479 751 2536 tribuitur,
764 2485 792 2525 ut

119 2539 211 2599 arbem,
228 2540 331 2590 Romam
343 2543 477 2607 aoeipinrue,
485 2552 517 2591 fet
530 2545 629 2603 temler,
642 2542 751 2600 novitios,
769 2547 793 2586 et

121 2604 261 2670 Corinthio,
272 2621 335 2666 aera3
347 2621 401 2656 eum
412 2608 459 2656 sint
468 2610 537 2666 urbes
547 2609 599 2657 aliae
609 2621 711 2670 quoque,
721 2611 745 2652 et
755 2617 805 2650 ver·
