1856 2948
239 104 371 166 rusum·
387 101 544 165 osirou
560 113 609 164 xr.
628 113 661 164 r...
738 109 791 166 sss

9 283 11 312 ,
105 232 304 308 armassem.
330 245 447 294 cesam
469 245 507 294 vu
528 243 668 292 smmum
690 251 733 306 m,
753 245 790 294 os

9 349 11 378 ,
103 311 208 360 alienam
219 312 313 374 culpam
323 325 437 371 accusare,
449 311 491 358 ubi
505 309 583 358 sceris
596 318 672 358 tuam.
694 310 786 359 Verum

9 415 11 442 ,
22 393 28 400 ·
105 375 134 424 id
143 377 193 438 jam
202 375 288 438 judicia
298 383 342 437 est,
354 391 402 424 non
412 375 501 424 actoris.
530 375 638 435 Quodsi
654 375 721 424 nulla
732 391 788 424 con·

105 440 180 504 tingit
201 441 327 500 excusatio,
349 441 399 489 sola
420 441 519 489 colorem
546 441 617 488 habet
643 441 785 505 poenitentia.

9 483 11 574 ᾖ
107 506 192 554 rost
208 505 271 554 sum
287 505 359 554 ures
371 505 426 554 su
442 505 587 564 emendatus,
605 506 647 568 qur
662 507 688 552 sn
705 505 786 554 orsum

106 583 199 631 eorum,
210 570 236 617 in
246 571 331 634 qussrus
339 579 461 629 erraverat,
473 571 523 634 ipse
534 585 657 618 conversus
668 579 708 618 est.
725 571 787 620 Sunt

9 665 11 712 ἐ
107 633 173 683 enim
188 634 292 700 quidam,
304 635 346 698 qui
359 635 404 683 hoc
420 636 504 683 naturi
514 634 566 698 ipsi
576 635 609 682 rei
620 649 667 683 non
678 635 787 684 indecens

104 699 212 758 faciunt3
230 708 265 760 ut,
284 715 340 748 cum
356 708 422 763 pater
439 715 469 748 ex
485 700 604 749 meretrice
618 707 710 759 natum,
722 699 787 764 quod

105 773 172 814 amet
188 765 333 813 meretricem
350 765 375 812 in
392 765 577 825 matrimonium,
595 765 693 813 abdicat
712 765 785 814 Scho-

104 829 189 878 lastica
204 829 310 888 materia,
328 829 367 877 sed
383 843 440 889 non,
468 845 506 877 uae
522 844 569 876 non
586 831 659 906 possit
675 829 784 878 accidere.

105 895 159 944 liic
177 895 250 958 igitur
264 895 340 942 multa
356 909 403 942 uon
420 893 437 941 d
459 894 554 942 ormiter
572 894 649 942 drcetr
667 895 705 943 vel
721 893 785 958 quod

9 945 12 974 ²
105 960 217 1007 omnium
230 959 260 1006 sit
270 967 351 1008 votum
364 961 496 1024 parentum,
507 967 535 1008 ut
550 959 698 1020 honestiores,
711 972 784 1024 quam

106 1025 157 1073 sint
166 1024 219 1089 ipsi,
229 1023 312 1072 liberos
318 1025 419 1072 habeant
426 1027 491 1079 (nam
498 1031 529 1084 et,
541 1023 591 1072 filis
601 1025 664 1084 nati,
673 1025 784 1072 meretrix

9 1085 11 1106 ³
107 1103 162 1138 eam
177 1097 251 1137 mater
263 1089 373 1153 pudicam
384 1103 433 1137 esse
444 1089 572 1148 voluisset),
584 1090 621 1137 vel
632 1089 695 1154 quod
705 1089 785 1136 humi-

105 1154 153 1202 lior
162 1154 212 1218 ipss
221 1153 291 1202 fuerit
302 1153 366 1207 (licet
376 1155 439 1202 enim
453 1153 498 1202 hoc
508 1153 601 1215 dicere),
614 1155 651 1202 vel
662 1154 726 1218 quod
736 1167 785 1200 non

9 1269 12 1288 ,
105 1219 215 1268 habuerit
230 1227 329 1283 petrem,
342 1219 384 1283 qui
398 1227 517 1267 moneretr
535 1218 594 1282 quin
610 1233 637 1266 eo
653 1219 732 1266 minus
747 1219 785 1266 fs·

9 1289 11 1302 '
105 1284 217 1333 ciendum
234 1283 284 1332 filio
300 1284 381 1344 missa,
392 1299 422 1332 ne
438 1291 556 1332 renovaret
567 1283 649 1332 domus
659 1283 783 1347 pudorem,
812 1333 814 1338 ,

105 1357 131 1398 st
144 1351 292 1414 exprobraret
304 1348 365 1413 patri
374 1349 483 1412 nuptiaa3
501 1348 570 1397 matri
587 1348 669 1412 prioris
680 1348 733 1397 vitae
743 1363 785 1396 rre-

9 1425 11 1480 ὲ
105 1415 251 1463 cessitatem:
269 1427 299 1462 ne
314 1414 415 1478 denique
429 1413 507 1476 legem
522 1413 649 1477 quamdam
665 1413 713 1462 suis
724 1427 784 1478 quo-

9 1489 11 1542 Q
106 1493 155 1543 que
172 1477 271 1527 subinde
287 1478 367 1527 liberis
383 1479 462 1527 deret:
480 1486 504 1526 ct
520 1478 635 1527 credibilia
653 1479 696 1526 erit
712 1480 783 1526 etiam

9 1549 11 1614 ζ
105 1543 202 1608 propriu
216 1542 323 1610 quedam
340 1543 365 1591 in
376 1543 418 1592 ills
432 1543 551 1592 meretrice
566 1543 695 1606 turpitudo,
710 1557 783 1608 quam

9 1615 10 1680 ζ
105 1607 296 1672 nunchicpater
305 1607 363 1656 ferre
373 1623 421 1657 non
431 1607 510 1672 possit.
526 1607 585 1656 Alia
594 1616 711 1671 pretereo.
732 1608 784 1655 Nes

9 1685 10 1688 ’
104 1686 154 1738 que
170 1672 233 1720 enim
248 1687 311 1722 nunc
325 1673 490 1732 deciamamus,
502 1671 542 1720 sed
558 1672 709 1731 ostendimus,
725 1685 785 1718 non·

104 1750 230 1852 nttsipqusm
246 1751 315 1802 posse
334 1738 392 1802 ipsis
411 1736 565 1786 incommodis
586 1736 702 1785 dicentem
723 1739 784 1786 bene

105 1815 124 1851 u
244 1821 247 1830 ¹
781 1834 784 1838 .

139 1867 194 1924 Illic
203 1868 281 1930 maior
290 1876 368 1926 estus,
383 1867 425 1916 ubi
438 1865 491 1932 quis
507 1866 619 1930 pudende
630 1865 742 1931 queritur,
754 1873 784 1914 ut

104 1935 223 1996 stuprum,
234 1933 351 1996 precipue
360 1933 386 1980 in
400 1933 512 1990 maribus,
531 1941 572 1980 aut
586 1947 611 1980 os
624 1933 781 1996 profanatum.

105 1997 165 2045 Non
182 1997 241 2057 dico,
262 1997 282 2045 si
299 1998 409 2062 loquatur
427 1997 484 2061 ipse,
503 1997 571 2061 (nam
591 1997 649 2061 quid
667 1997 732 2044 aliud
751 1997 782 2060 ei,

105 2075 180 2126 quam
195 2061 296 2125 gemitus
310 2077 337 2110 ac
351 2062 427 2124 fletus,
446 2071 469 2110 et
486 2062 612 2110 exsecratio
622 2062 684 2122 vitae,
701 2075 783 2109 conve·

103 2127 175 2174 niet?
199 2134 227 2174 ut
246 2126 320 2188 judex
333 2127 457 2190 ,intelligat
478 2125 557 2190 potius
578 2126 681 2174 dolorem
703 2125 783 2186 illum,

105 2201 179 2256 quam
190 2190 281 2253 audiat)
294 2192 334 2240 sed
347 2200 445 2256 patrono
456 2205 550 2256 quoque
564 2205 606 2255 per
616 2190 703 2238 similes
714 2189 784 2238 affec-

103 2265 144 2305 tus
163 2255 267 2304 eundum
282 2257 335 2316 erit,
347 2257 465 2320 quiahoc
478 2255 571 2317 injuriae
585 2269 660 2319 genus
673 2269 784 2304 saecun-

104 2321 159 2370 tius
169 2321 229 2369 inest
239 2318 321 2386 passis,
333 2337 405 2386 quam
416 2321 486 2369 susm.
509 2320 641 2368 Mollienda
651 2319 720 2368 estin
731 2319 783 2382 ple-

102 2387 183 2451 risque
199 2385 245 2434 elio
262 2386 338 2434 colore
355 2387 465 2451 asperitas
482 2385 601 2444 orationis,
612 2395 640 2434 ut
657 2384 738 2433 Cicero
753 2383 783 2434 de

104 2451 287 2516 proscriptorum
306 2450 384 2500 liberis
400 2451 462 2500 fecit.
491 2450 559 2510 Quid
575 2449 638 2498 enim
655 2449 781 2510 cmdeiius,

104 2520 178 2579 quarn
195 2517 309 2577 dominer,
328 2517 431 2564 mets
448 2517 590 2580 perentitur
607 2529 635 2562 oc
654 2515 783 2578 majoritas

103 2587 203 2643 natoue
214 2595 241 2630 rc
314 2579 335 2630 t
345 2582 499 2630 semoveri?
515 2579 784 2644 Itaquedurumidessa

103 2661 212 2696 mmmas
261 2647 445 2698 'mundonem
455 2646 589 2696 murorum
596 2643 783 2694 meronie·
