1808 2938
216 91 349 142 insule.
363 90 521 142 ORATOR.
540 92 603 142 XII.
621 93 645 141 3.
722 95 771 144 299

89 221 157 272 domi
170 230 285 298 precepto
295 229 319 270 et
328 221 463 286 tompon'tn,
476 230 507 282 et,
519 221 579 270 sieut
589 229 670 271 cetera
680 237 734 286 qun
743 224 769 270 in

90 287 163 336 eeusi
174 296 237 348 sunt,
248 286 390 336 mdisoendo
398 285 535 350 0031de
544 286 647 348 judicem
655 287 766 351 perferen

88 352 149 416 quid
160 352 200 400 fiet
212 352 237 400 in
253 351 282 400 iis
293 351 467 416 questionibus,
481 367 534 414 quse
549 351 626 400 subito
638 352 698 400 inter
707 351 769 415 ipses

89 416 192 464 actiones
205 417 268 464 nasei
283 416 375 468 solent?
395 431 443 464 non
456 415 588 464 deformiter
600 419 728 480 respectet?
746 425 769 466 et

89 480 151 528 inter
162 481 270 538 subsellia
280 480 381 529 minores
393 481 515 528 advocatos
527 479 669 544 intermget?
689 483 769 530 Potest

90 555 171 593 autem
182 546 236 596 setis
244 545 365 608 diligenter
372 545 480 608 recipere,
508 561 545 593 uae
556 554 607 594 tum
615 546 703 605 audiet,
714 562 769 594 cum

89 609 114 658 ei
124 609 221 658 dicende
231 609 301 658 suut?
319 619 360 658 eut
373 611 461 658 fortiter
546 625 593 669 ere,
604 619 646 658 eut
659 611 767 673 ingenue,

89 689 134 736 pro
148 675 205 734 suis,
221 674 312 723 dicere?
326 675 400 738 possit
412 674 438 722 in
453 674 597 736 actionibus3
619 675 676 739 quid
689 675 729 724 fiet
742 675 768 724 in

88 739 245 800 alternatione,
257 739 470 788 ubioceurrendum
477 739 595 798 continuo,
606 753 649 788 nee
655 739 729 788 libere
737 739 768 788 ed

88 802 226 852 discendum
236 819 302 852 more
312 811 353 852 est.
375 803 451 864 Quid,
462 805 482 852 si
492 803 550 852 forte
562 803 650 866 peritus
657 804 717 866 juris
727 804 768 852 ille

89 881 138 915 non
149 867 239 916 aderit?
256 867 331 928 Quid,
343 868 362 916 ui
372 868 433 932 quis,
447 884 494 917 non
504 869 559 916 setis
568 867 593 916 in
604 869 632 917 ei
641 885 666 916 re
676 869 766 928 doctus,

89 931 177 980 fulsum
187 932 276 996 aliquid
287 932 427 993 subjecerit?
450 933 504 982 Hoe
514 932 577 981 eninr
591 943 625 982 est
635 934 767 982 maximnm

88 995 228 1059 ignorantie
242 998 339 1054 melum,
353 997 417 1062 quod
432 998 503 1046 eredit
519 1012 573 1046 eum
589 997 654 1059 scire,
665 999 707 1062 qui
717 1013 768 1046 mo·

91 1069 154 1110 neat.

124 1125 209 1190 Neque
226 1143 270 1190 ego
286 1143 339 1176 eum
355 1127 427 1176 nostri
441 1127 513 1175 moris
528 1126 631 1190 ignauus,
652 1127 766 1176 oblitusve

90 1205 180 1249 eorum,
189 1191 231 1256 qui
239 1192 302 1242 velut
312 1191 342 1240 ed
352 1193 442 1242 arculas
452 1192 541 1249 sedem,
553 1200 576 1240 et
587 1191 633 1239 tels
642 1192 765 1254 egentibus

89 1256 282 1312 subministrante
300 1271 375 1320 neque
390 1257 453 1304 idem
470 1257 563 1304 Grecos
579 1271 672 1320 quoque
688 1256 765 1304 neseio

89 1319 213 1380 institisse,
232 1321 293 1369 unde
309 1336 394 1370 nomen
410 1320 446 1369 bis
460 1323 668 1384 pragmaticorum
683 1320 765 1369 datum

89 1391 131 1432 est.
151 1385 197 1432 Sed
208 1386 290 1450 loquor
299 1385 329 1434 de
339 1395 436 1444 oratore,
448 1387 489 1449 qui
504 1401 550 1434 non
561 1386 685 1434 clamorem
695 1385 765 1434 modo

92 1463 163 1496 suum
177 1450 259 1510 causis,
275 1450 315 1499 sed
325 1451 404 1498 omnia
414 1466 467 1514 quae
519 1451 597 1498 future
611 1459 674 1510 eunt,
689 1451 764 1499 debet

90 1511 176 1576 Itaque
186 1530 240 1562 eum
250 1530 292 1564 nec
302 1515 418 1576 inutilem,
430 1515 449 1562 si
500 1515 580 1564 horam
591 1515 649 1563 forte
659 1515 766 1562 eonstite-

89 1576 129 1636 rit,
141 1592 216 1642 neque
231 1579 256 1627 in
267 1579 424 1628 testatiombus
440 1579 550 1628 faciendis
565 1595 614 1628 esse
629 1579 764 1642 imperitum

89 1641 169 1712 velim.
191 1643 252 1702 Quis
267 1645 330 1692 enim
345 1644 423 1706 potius
438 1644 576 1708 preparabit
588 1660 624 1702 ee,
637 1660 698 1706 qun,
710 1659 765 1692 cum

88 1715 151 1769 aget,
170 1722 218 1756 esse
234 1708 259 1756 in
276 1709 346 1758 etuti
362 1709 437 1758 velit?
460 1709 514 1757 Nisi
533 1709 592 1757 forte
603 1708 765 1771 imperatorem

106 1771 142 1820 uis
152 1771 263 1822 idoneum
273 1773 353 1833 credit,
366 1774 391 1822 in
402 1773 487 1838 proeiiis
498 1773 593 1837 quidem
607 1781 727 1821 strenuum
741 1781 765 1820 et

112 1838 333 1898 rtem‚etomnium,
344 1853 485 1903 qunpugne
494 1838 575 1902 possit,
586 1837 712 1896 ertitioem3
724 1836 765 1886 sed

88 1914 164 1964 neque
181 1901 282 1952 delectus
298 1919 375 1966 egere,
391 1918 434 1952 neo
450 1903 526 1967 copies
544 1903 677 1952 contrahere
694 1911 764 1966 etque

87 1963 209 2026 instruere,
226 1981 268 2016 nee
283 1968 411 2033 prospicere
421 1975 571 2028 commeatus,
585 1983 628 2016 neo
638 1967 716 2015 losum
727 1983 765 2016 oe·

88 2043 143 2092 pere
159 2029 246 2092 cestris,
265 2033 389 2082 mientemt
406 2032 471 2097 prius
488 2041 522 2081 eet
536 2033 765 2094 enimoertepersre

87 2092 159 2154 belh,
170 2107 243 2159 quam
255 2111 340 2160 gerere
362 2097 440 2162 Atqui
456 2097 589 2146 emorimur
604 2095 661 2144 uuio
676 2095 706 2143 st
722 2095 765 2142 tu.

87 2167 192 2218 vocatus,
209 2160 321 2224 siplure,
338 2178 391 2226 qun
406 2163 438 2210 ed
454 2161 594 2211 vincendum
610 2159 697 2218 velent,
712 2159 765 2208 eliis

85 2222 222 2299 reliquerim
242 2241 296 2274 eum
314 2226 441 2290 presertim
457 2226 510 2286 hoe,
529 2225 593 2292 quod
611 2232 645 2274 est
662 2224 765 2299 maxime

84 2289 765 2420 fflwffiiffiffiiffluii

84 2424 122 2466 est
133 2425 233 2478 tenum,
245 2429 286 2470 eut
293 2423 382 2485 scripto
389 2429 431 2470 eut
438 2422 541 2470 moribus
551 2427 654 2469 constetr
667 2419 765 2472 dubium

10 2479 12 2484 ’
84 2481 479 2548 equiutisreguliexeminandum
486 2494 528 2534 est.
543 2485 605 2545 Quae
611 2483 765 2546 etriptesunt,

84 2547 538 2614 sutposiuinmoreeiviumuuffl
547 2547 766 2599 nunterston

84 2617 149 2669 “mi
163 2613 299 2681 wssmtionit
308 2613 659 2679 nmtmmnonmvendoninr
670 2621 765 2675 etque
