1868 2942
137 43 170 108 tt
254 40 556 100 merruouurou
573 39 650 93 vm.
668 42 692 88 a

137 168 200 218 nelis
211 171 295 230 multe,
310 179 333 218 et
342 179 393 220 tem
405 185 489 218 eurum
502 177 525 220 et
537 177 669 232 argentum,
683 184 757 232 quern
765 186 811 232 ωε,

140 235 301 284 Corinthiam.
326 234 372 282 Sed
384 250 414 284 ue
426 235 451 282 in
463 234 500 282 his
516 233 611 297 quidem
625 234 699 282 virtus
715 235 812 286 oratoris

137 297 264 360 inspicitur.
281 299 384 346 Atillud
390 301 440 361 jam
448 313 495 346 nou
503 299 646 346 mediocriter
653 299 812 362 probandum,
908 329 909 352 ι

138 362 201 424 quod
214 362 257 410 hoe
270 363 339 412 etium
351 363 441 412 laudari
454 363 523 411 modo
536 363 601 421 solet,
615 372 643 411 ut
655 363 749 426 proprie
762 364 813 412 dic·
908 375 909 378 ’

79 453 85 473 ι
138 433 198 484 tum,
212 427 237 474 id
250 436 292 486 est,
306 443 353 491 quo
366 427 425 476 nihil
437 427 535 476 inveniri
547 427 618 490 possit
629 427 811 490 significantium
908 447 909 482 ι

138 499 166 538 ut
177 491 235 538 Ceto
246 492 315 551 dixit,
334 495 362 542 C·
376 495 495 542 Cesaram
508 494 538 540 aa
554 494 703 540 evertendam
715 508 812 554 rampo·

138 557 223 604 altram
235 559 339 606 sobriam
355 559 475 604 accessisse
483 575 494 614 ,·
511 565 539 604 ut
554 556 668 618 Virgilius
685 559 814 610 deductam

138 636 242 682 aaraeea,
254 631 278 670 et
288 622 400 672 Horatius
411 637 489 668 aorem
500 623 591 680 tibiam,
603 623 813 682 Hannibalemque

138 687 226 734 diram.
246 688 276 735 Iu
287 702 334 749 quo
344 685 414 734 modo
426 686 486 734 illud
496 701 589 750 quoque
599 694 633 734 eet
644 701 658 734 a
669 685 813 749 quibusdem

137 751 250 798 traditum
266 751 352 815 proprii
368 765 441 813 genus
457 765 487 798 ex
504 750 621 814 appositis,
639 766 693 813 quae
709 751 814 813 epitheto

138 815 255 873 dicuntur,
275 824 310 874 ut,
330 817 409 862 Dulce
427 822 550 864 martam:
568 824 599 869 et,
620 816 683 863 Cam
703 815 813 864 aarum

138 881 204 927 alate.
222 879 260 926 De
270 895 317 942 quo
328 895 410 942 genere
420 879 465 926 elio
475 879 526 928 loco
536 879 660 928 dicendum
671 887 712 928 est.

144 993 146 999 Α
170 943 260 1002 Etiam,
273 959 326 1007 que
337 947 395 992 bene
408 944 518 992 translate
530 951 593 1003 sunt,
602 945 705 1006 propria
717 943 764 992 diei
774 957 815 992 so-

138 1007 194 1056 lent.
207 1007 305 1056 Interim
314 1017 400 1068 autem,
410 1025 463 1072 quae
469 1008 555 1056 suntin
563 1023 655 1071 quoque
663 1018 746 1070 genere
753 1024 814 1072 prer-

139 1071 215 1136 cipue,
234 1075 330 1135 proprii
347 1073 425 1120 locum
443 1073 566 1138 accipiunt,
587 1081 615 1120 ut
631 1071 728 1131 Fabius,
751 1073 814 1120 inter

139 1137 218 1200 plures
230 1137 386 1201 imperatoriae
396 1137 501 1192 virtutes,
517 1139 646 1194 Cunctator
660 1144 694 1184 est
706 1137 815 1200 appelle-

140 1209 186 1252 tur.
201 1203 302 1253 Possunt
307 1201 378 1250 videri
384 1203 463 1260 verbe,
472 1217 525 1264 que
533 1202 586 1265 plus
592 1199 731 1264 sigrdficent,
738 1217 814 1264 quern

126 1325 128 1330 Ι
140 1265 289 1329 eloquuntur,
306 1267 331 1313 in
344 1275 408 1329 purte
420 1266 527 1330 ponende
542 1265 726 1329 perspicuitatisr
744 1265 815 1313 intel·

140 1329 227 1378 lectum
234 1330 297 1378 euim
307 1331 426 1390 adjuvent.
443 1330 496 1393 Ego
504 1339 582 1380 eutem
593 1329 703 1378 libentius
715 1329 815 1392 empha-

140 1392 184 1440 sim
200 1394 317 1442 retulerim
333 1394 487 1442 adornatum
506 1395 622 1456 orationis,
640 1393 695 1456 quie
711 1408 768 1449 nou,
785 1403 816 1445 ut

139 1456 290 1521 intelligetur,
302 1458 379 1518 efficit,
391 1459 439 1518 sed,
451 1467 479 1506 ut
488 1459 541 1522 plus
550 1458 700 1520 intelligam.
722 1458 760 1505 At
770 1460 815 1507 ob-

141 1523 235 1572 scuritas
246 1523 273 1572 fit
284 1523 353 1571 etiem
364 1523 438 1571 verbis
448 1525 478 1572 eb
488 1538 534 1572 usu
544 1523 654 1578 remotim
669 1531 704 1580 ut,
716 1522 736 1568 si
747 1537 814 1570 eom-

139 1589 263 1638 menterioe
273 1589 325 1652 quie
333 1587 477 1652 pontificum,
490 1597 513 1636 et
520 1587 674 1636 vetustissima
681 1585 776 1644 federa,
789 1595 814 1636 et

140 1655 241 1702 exoletos
253 1661 367 1702 semitatus
384 1661 495 1711 auctores,
512 1652 538 1700 id
553 1652 631 1714 ipsum
643 1659 708 1712 petat
721 1666 751 1698 ex
763 1651 812 1711 his,

139 1715 814 1843 fflffiqiiiiffi'ixiiioiiideiiffliirdii

39 1897 41 1900 ,
140 1845 183 1892 soli
194 1844 250 1892 seire
258 1843 386 1892 videantur.
400 1843 497 1893 Fulhmt
506 1845 576 1892 etiem
584 1846 654 1892 verbe
664 1843 701 1890 vel
711 1844 815 1906 regioni·

139 1910 183 1958 bus
194 1907 334 1971 quibusdam
342 1907 417 1970 magis
424 1908 555 1963 familiario.
564 1909 602 1958 vel
611 1907 695 1956 artium
708 1909 814 1970 proprie,

140 1973 291 2022 utArabauo
302 1985 392 2032 ventus,
404 1981 427 2020 et
437 1975 506 2020 aevis
514 1975 628 2030 sacraria,
639 1980 662 2020 et
673 1973 711 2034 [ia
721 1974 815 2020 arataeo

139 2035 254 2100 ranamr]
270 2054 323 2102 quae
340 2037 487 2087 vetviende
504 2037 568 2100 opud
582 2036 685 2098 judicem
701 2035 815 2097 ignarum

139 2103 334 2168 significationum
345 2117 434 2160 eurum,
443 2102 481 2150 vel
490 2099 661 2164 interpretenda
669 2108 740 2157 suut;
752 2101 816 2150 siout

138 2169 164 2218 in
175 2169 212 2218 his
225 2185 278 2233 quoe
288 2169 428 2227 homonyma
439 2166 556 2224 dicuutur,
568 2173 601 2220 ut,
615 2167 712 2214 Taurus
722 2164 815 2216 animai

140 2234 178 2295 sit,
188 2249 219 2282 en
228 2248 303 2290 mons,
314 2247 344 2280 au
352 2232 447 2294 siguum
455 2231 480 2278 iu
488 2229 554 2289 ooeio,
565 2244 596 2278 eu
603 2243 688 2276 nomen
698 2227 813 2290 hominis,

139 2314 169 2346 en
186 2298 253 2346 radix
270 2297 364 2356 arbaris,
381 2296 426 2344 nisi
442 2294 585 2353 diutinorum,
603 2307 650 2340 uon
666 2293 814 2354 intelligitur,

138 2363 199 2412 Plus
210 2372 287 2416 tamen
298 2371 333 2410 est
342 2359 487 2408 obscuritatis
500 2358 524 2404 in
538 2365 646 2410 contextu
658 2364 681 2404 et
691 2357 815 2407 ooutinue·

139 2427 201 2474 tione
214 2426 332 2483 sermonis,
346 2433 369 2472 et
380 2425 458 2487 plures
470 2421 542 2470 modi.
565 2421 645 2480 Quare
657 2434 699 2468 nec
715 2421 746 2468 eit
761 2429 814 2478 tem

137 2489 230 2554 longus,
248 2498 276 2538 ut
292 2504 347 2536 eum
364 2487 472 2552 prosequi
487 2499 536 2534 uon
551 2485 622 2547 possit
638 2483 752 2540 intentior
768 2499 815 2536 nee

136 2554 269 2616 trajectione
283 2562 332 2604 tem
349 2553 437 2610 urdus,
454 2557 482 2598 ut
493 2549 518 2596 in
530 2547 672 2614 hyperbaton
689 2547 742 2604 duis
758 2549 813 2609 eirpi
