1856 2948
142 117 194 167 Μ
276 113 408 166 susm.
425 111 586 164 ORATOR.
601 109 650 160 XI.
667 109 695 159 1.

140 247 232 310 junctus
264 245 340 305 Nem,
366 241 500 303 noddecet,
511 241 678 307 fereprodest3
696 240 834 306 nequenlio

143 312 219 374 magis
236 259 487 371 auimijudieumeon
519 308 525 318 '
553 307 560 318 ⁶
587 307 833 368 autoiresincou-

144 376 242 424 tretium
253 375 317 434 tulit,
328 373 425 420 dicturi
436 373 519 421 solent.

182 439 321 504 Aliquando
338 446 418 486 tomen
436 446 459 486 et
475 438 526 486 hec
542 436 691 486 dissenu'unt.
727 436 832 496 Quoties

145 511 225 552 eutem
247 505 396 568 pugnabunt,
419 503 495 566 ipsum
516 503 643 552 utilitatem
662 503 744 550 vincet
767 496 832 565 quod

145 569 218 616 decet.
246 569 311 617 Nem
322 567 375 632 quis
385 567 465 628 nescit,
477 567 536 615 nihil
548 567 623 631 magis
633 567 793 631 profuturum
803 565 833 614 xl

145 633 314 682 absolutionem
326 633 415 682 Socrati
426 632 506 692 lonso,
518 647 591 696 quem
609 632 630 679 si
641 640 703 680 esset
713 647 775 679 usus
792 631 833 679 illo

142 697 250 760 judiciali
271 711 355 760 genere
373 697 522 758 defensionis,
542 705 566 746 et
585 697 692 745 oratioue
714 695 832 744 submisi

145 762 289 811 conciliisset
304 762 411 824 judicum
429 762 519 810 enimes
537 761 591 822 sibi,
603 762 743 826 crimenque
753 761 833 824 ipsum

146 826 243 876 sollicite
254 826 427 890 redarguisset?
460 826 553 875 Verum
567 827 592 873 id
605 841 662 874 eum
678 824 833 874 minimedo-

146 893 226 940 cebet:
244 891 342 956 ideoque
352 891 385 939 sic
395 892 450 956 egit,
462 892 490 938 u't
501 891 543 956 qui
557 906 653 954 poenem
669 905 741 938 suurn
758 891 833 938 hono·

146 955 210 1002 ribus
227 957 326 1004 summis
343 965 402 1004 esset
416 955 578 1004 aestimemus
613 955 708 1004 Maluit
722 955 790 1004 enim
800 955 835 1003 rit

147 1017 338 1081 sapientissimus,
353 1021 418 1084 quod
435 1029 563 1084 superesset
573 1035 603 1068 ex
612 1021 672 1082 vitu,
684 1021 732 1069 sibi
748 1021 834 1084 perne,

148 1097 220 1148 quem
231 1084 295 1147 quod
311 1085 457 1148 preterisset.
490 1085 533 1146 Et,
545 1085 641 1150 quondo
652 1087 683 1134 eb
694 1085 835 1133 hominibus

147 1147 184 1196 eui
201 1149 312 1212 temporis
330 1165 415 1214 perum
436 1149 620 1213 intelligebatur,
639 1159 794 1214 posterorum
813 1163 836 1197 sc

146 1211 239 1275 judiciis
255 1213 388 1272 reservavit,
401 1214 467 1262 brevi
477 1214 617 1262 detrimento
625 1216 677 1276 jem
693 1215 792 1262 ultime
802 1229 836 1262 se·

147 1277 246 1324 recurris
257 1295 334 1326 evum
345 1279 483 1327 seculorum
493 1279 601 1326 omnium
612 1289 763 1327 consecutus.
788 1278 837 1326 Ite·

148 1355 203 1404 que,
217 1343 325 1404 quemvis
336 1343 428 1407 Lysim,
440 1343 482 1407 qui
497 1351 549 1390 tum
563 1343 589 1390 in
605 1343 706 1392 dicendo
720 1352 837 1407 praten-

148 1404 252 1454 u’ssimus
258 1407 396 1468 habebatur,
404 1407 561 1456 defensionem
571 1408 608 1455 illi
618 1409 732 1472 scriptam
742 1409 837 1457 attulis-

149 1477 192 1530 set,
200 1470 235 1517 uti
242 1471 270 1519 ei
277 1473 366 1530 noluit;
379 1487 433 1520 cum
439 1475 526 1521 mnam
534 1472 638 1536 quidem,
647 1473 687 1522 sed
694 1489 786 1537 perum
793 1473 838 1522 st'ln'

149 1535 331 1598 convenientem,
347 1537 479 1598 judicasset
513 1537 570 1595 Quo
580 1539 618 1586 vel
633 1539 684 1586 solo
695 1547 774 1602 petet,
790 1553 837 1586 non

150 1601 312 1666 persuadendi,
326 1601 366 1651 sed
376 1602 547 1662 benedicendi,
559 1601 631 1651 finem
647 1603 674 1650 in
684 1612 781 1652 oratore
792 1619 838 1652 ser·

150 1666 263 1728 vandum,
275 1683 330 1716 cum
340 1667 434 1714 iuterim
444 1667 583 1732 persuadere
591 1667 697 1716 deforme
708 1669 748 1716 sit.
780 1669 838 1716 Non

150 1731 196 1780 tuit
213 1731 258 1779 hoc
276 1733 334 1780 utile
351 1731 508 1789 absolutioui3
533 1731 575 1780 sed
594 1733 671 1797 (quod
688 1743 726 1782 est
744 1731 838 1796 majus)

150 1795 241 1844 homini
251 1795 303 1844 fuit.
337 1797 371 1845 Et
381 1813 432 1858 nos,
444 1797 574 1846 seeundum
585 1812 739 1846 communem
755 1799 839 1862 potius

150 1860 261 1922 loquendi
278 1862 476 1938 consuetudinem,
494 1877 567 1926 quem
584 1863 661 1926 ipsam
679 1863 788 1911 veritatis
804 1877 839 1912 re·

152 1923 421 2053 tellelltttlt
427 1927 839 2056 :uliultiss’pffi‘r‘ulidfflffi

154 2053 195 2120 qui
212 2054 287 2116 patrie
298 2054 384 2115 cedere,
396 2071 468 2131 quam
480 2071 535 2104 cum
546 2055 640 2105 tribuno
650 2057 729 2122 plebis
747 2057 840 2105 humil·

152 2119 211 2168 limo
222 2118 357 2168 contendere
368 2119 397 2168 de
407 2121 541 2170 mnocentil
550 2121 602 2181 uri,
614 2122 708 2179 molunt,
721 2121 841 2170 inutiliter

154 2185 200 2234 sibi
212 2184 303 2234 videtur
318 2186 475 2243 consuluisse;
494 2194 536 2234 eut
547 2187 576 2234 P.
588 2187 704 2246 Rutilius,
718 2187 771 2251 (vel
783 2201 839 2235 cum

153 2251 195 2299 illo
213 2265 279 2314 paene
296 2251 411 2298 Socratico
427 2265 511 2314 genere
521 2251 660 2300 defensionis
674 2260 708 2300 eet
719 2267 791 2310 usus,
803 2251 841 2300 vel

154 2331 219 2374 cum,
230 2325 350 2364 revocante
361 2330 416 2362 eum
424 2315 453 2362 P.
462 2314 537 2375 Sunt,
549 2331 644 2364 manere
654 2316 679 2364 in
691 2316 778 2364 exsilio
789 2331 842 2364 mn·

154 2379 211 2436 luit)
230 2379 288 2439 quid
305 2379 349 2425 sibi
368 2380 471 2427 maxime
481 2380 627 2440 conduceret,
639 2381 765 2429 nesciebat.
804 2381 842 2428 ni

156 2454 210 2488 vero
221 2455 292 2514 parve
309 2441 359 2500 illa,
375 2457 428 2506 que
441 2445 610 2504 abjectissimus
624 2445 725 2510 quisque
743 2446 844 2493 enimus

156 2502 224 2550 utilio
233 2503 313 2562 credit,
325 2504 345 2550 si
356 2519 411 2552 cum
421 2506 507 2554 virtute
519 2508 676 2568 conferentur,
687 2509 844 2574 despiciendo

154 2564 333 2624 judicaverunts
350 2567 448 2633 ideoque
459 2572 573 2635 perpetue
583 2573 725 2624 oeciderunt
736 2572 845 2628 edmirt·
